1591 2531
80 131 112 163 108
320 130 361 172 Περὶ
371 131 399 160 νοῦ
410 130 470 162 κοινοῖι.
642 129 674 172 cap.
686 131 712 163 12.

80 221 156 277 ἀνάγκῃ
174 224 195 262 δὲ
208 225 242 262 καὶ
255 222 267 269 ἡ
280 220 365 274 πρόνοια
382 224 416 262 καὶ
429 222 442 270 ἡ
456 221 515 276 φύσις
533 220 609 275 ὄργανοί
623 226 664 261 ἐστι
677 225 713 262 τοῦ

79 287 156 340 κόσμου
168 291 202 328 καὶ
215 291 250 335 τῆς
262 286 335 335 τοίξεοις
348 291 383 336 τῆς
400 286 456 336 ὕλης·
474 290 508 327 καί
525 291 565 329 τῶν
582 292 617 340 μὲν
634 290 712 337 νοητῶν

81 354 164 395 ἕκαστόν
181 360 233 394 ἐστιν
246 353 313 402 οὐσία7
331 353 391 394 οὐσία
408 357 428 394 δὲ
441 353 506 393 αὐτῶν
519 354 532 402 ἡ
545 354 647 404 ταυτότης.
673 357 732 394 coivit

82 424 102 461 δὲ
119 423 155 461 τοῦ
170 418 245 466 παντὸς
261 418 358 470 σωμάτιον
375 425 457 460 ἕκαστον
472 418 538 459 cotto}
555 424 612 460 ἐστιν.
636 423 713 472 ’ἔχοντα

80 486 119 538 μοίρ
132 484 168 534 τὴν
181 485 295 535 ταντότητα
307 486 333 526 τοί
347 486 435 526 σύνθετα
448 483 540 537 σώματα,
556 488 590 525 καὶ
602 483 640 534 τὴν
652 502 713 537 μετα-

79 551 143 603 βολὴν
164 557 191 599 είς
207 551 286 601 ἄλληλα
301 551 418 603 ποιούμενα,
439 550 470 591 ἀεὶ
486 554 522 599 τῆς
537 551 659 600 ταυτότητος
675 551 732 601 crivit

41 620 65 660 15
79 618 203 673 ἀφθαρσίαν
220 618 280 667 σώζει.
311 623 332 658 ἐν
348 619 369 657 δὲ
385 622 428 664 τοῖς
449 615 517 664 ἄλλοις
538 620 643 665 συνθέτοις
663 622 713 658 πᾶσι

81 683 172 736 σώμασιν
185 682 273 736 ἀριθμὸς
289 683 373 724 ἑκάστου
387 685 437 723 ἐστί·
452 686 513 736 χωρὶς
525 682 564 737 γὰρ
577 684 668 737 αριθμοῦ
681 683 713 725 oii-

81 766 151 792 στασιν
164 750 178 799 ἢ
190 747 308 798 σύνθεσινῆ
321 749 410 790 διάλυσιν
423 748 523 796 ἀδύνατον
535 753 637 801 γενέσθαι.
658 755 685 792 oi
693 753 733 792 δὲν

81 816 148 862 tostae
160 815 196 856 τὸν
210 813 301 868 ἀριθμὸν
314 818 396 866 γεννῶσι
409 818 442 855 καί
456 813 542 863 αίίξουσι,
554 819 589 855 καὶ
601 816 661 856 ιτοίλιν
670 820 714 857 δια-

82 881 176 933 λυόμενοι
190 886 216 928 τίς
230 879 301 928 ἑαυτιίς
315 884 410 933 δέχονται.
424 883 457 921 καί
470 880 483 930 ἡ
496 880 533 930 ὕλη
547 885 593 934 μία·
608 882 619 922 ὁ
633 884 654 922 δὲ
667 882 714 935 σύμ-

80 964 120 994 πας
133 947 207 1000 κόσμος
221 943 284 996 οὗτος,
297 948 308 988 ὁ
322 951 383 999 μίμοις
397 945 447 994 θεὸς
459 950 493 987 καὶ
506 950 542 987 τοῦ
554 950 644 999 μείζονος
653 949 714 997 eineis,
725 959 745 990 12

80 1016 114 1052 καί
127 1014 228 1064 ἡνωμένος
241 1018 315 1064 ἐκείνῳ,
332 1016 375 1052 καὶ·
384 1013 488 1061 σνσσοίζων
500 1012 537 1062 τὴν
550 1013 606 1062 τοίξιν
619 1018 653 1054 καὶ
666 1014 714 1065 βού-

81 1082 138 1128 λησιν
150 1083 187 1119 τοῦ
199 1080 283 1131 πατρός,
299 1078 397 1132 πλήρωμά
414 1084 455 1119 ἐστι
472 1081 507 1128 τῆς
524 1081 579 1129 ζωῆς.
606 1083 640 1120 καὶ
657 1081 714 1121 οὐδὲν

81 1150 134 1185 ἐστιν
147 1150 168 1186 ἐν
182 1145 244 1197 τούτῳΙ
258 1143 292 1185 διὰ
304 1144 379 1192 παντὸς
392 1148 428 1185 τοῦ
437 1147 509 1192 αἰῶνος
517 1149 552 1194 τῆς
560 1145 655 1198 πατρῴας
663 1146 714 1187 ἀνιο-
726 1156 745 1186 15

80 1210 228 1259 καταστάσεως,
245 1209 290 1251 οὔτι
307 1213 341 1250 τοῦ
354 1208 429 1256 παντὸς
443 1208 487 1249 οὔτε
500 1212 539 1250 τῶν
553 1209 605 1250 κατὰ
617 1215 685 1264 μέρος,
703 1211 714 1251 ὃ

82 1276 125 1327 οὐχὶ
143 1278 170 1331 ζῇ.
200 1274 270 1329 νεκρὸν
287 1274 326 1329 γὰρ
345 1276 390 1316 οὐδὲ
408 1277 428 1316 ἓν
446 1272 490 1315 odes
507 1279 587 1327 μέμονεν
604 1275 649 1317 odra
662 1279 715 1318 ἔστιν

82 1339 126 1381 οὔτε
140 1345 195 1382 ἔσται
208 1347 230 1382 ἐν
242 1346 270 1393 τῷ
284 1341 357 1393 κόσμῳ.
385 1340 436 1389 ζωὴν
454 1339 493 1392 γὰρ
510 1341 611 1389 ἠθέλησεν
624 1344 635 1382 ὁ
648 1343 715 1396 πατὴρ
726 1354 746 1384 18

124 1463 138 1494 l.
149 1462 159 1503 ί]
170 1473 204 1495 aute
215 1461 283 1506 πρόνοια
293 1472 307 1493 et
318 1472 352 1494 ante
363 1460 410 1505 φύσις
421 1474 451 1493 oin.
463 1462 482 1493 B.
547 1462 562 1493 3.
574 1461 623 1495 oriola
633 1476 663 1495 om.
674 1464 714 1496 Patr.

123 1513 140 1545 5.
150 1514 172 1545 τὰ
183 1528 213 1546 oni.
224 1516 243 1547 Β.
256 1512 264 1555 ΙΙ
287 1512 372 1546 ἀσύνθετα
383 1514 426 1544 Tied.
476 1513 501 1555 13,
513 1511 565 1551 σώζων
576 1515 595 1545 A.
646 1515 671 1547 15,
682 1528 715 1547 πα-

123 1565 175 1606 τρῴοις
186 1579 218 1597 orn.
227 1566 268 1597 Patr.
312 1566 338 1597 18.
350 1564 397 1606 ζωὴν]
408 1566 429 1596 sic
439 1565 494 1603 Fluss.‚
505 1566 544 1603 ζῶον
554 1565 614 1607 reliqui.

82 1682 135 1715 dentia
147 1688 163 1714 et
173 1687 230 1714 natura
241 1693 299 1726 organa
309 1687 348 1715 sunt
358 1682 414 1716 mnndi
425 1689 441 1715 et
452 1682 514 1716 ordinis
527 1682 611 1719 materiam
623 1680 716 1726 intelligibi-

81 1733 121 1766 lium
132 1733 208 1778 qnodqne
219 1739 244 1766 est
255 1735 330 1774 essentia,
344 1736 413 1767 essentia
424 1746 464 1767 vero
476 1745 531 1766 eorum
542 1738 567 1766 est
577 1733 658 1766 identitas.
681 1746 724 1767 cor·>

82 1796 140 1830 porum
149 1785 221 1818 universi
230 1784 305 1829 quodque
313 1783 399 1818 multitudo
408 1791 438 1818 est.
454 1797 490 1817 nrm
499 1796 567 1829 corpora
579 1786 668 1830 composita
680 1797 716 1818 cum

81 1835 182 1869 identitatem
195 1835 266 1869 habeant
276 1840 293 1868 et
303 1836 320 1868 in
331 1847 349 1868 se
362 1837 432 1869 invicem
445 1841 535 1876 mutentur,
549 1847 613 1881 semper
625 1836 715 1870 identitatis

81 1889 220 1934 incorruptionem
233 1891 303 1920 servant.
324 1888 342 1921 in
353 1886 389 1920 aliis
400 1899 439 1920 vero
450 1887 524 1921 omnihus
538 1888 633 1931 compositis
644 1889 717 1934 corpori·

81 1939 113 1972 bus
124 1951 200 1973 numerus
212 1940 290 1983 cuiusque
301 1944 334 1978 est3
348 1940 384 1972 sine
397 1950 464 1972 numero
476 1940 517 1971 enirn
529 1939 623 1972 constitutio
635 1945 663 1973 ant
673 1952 716 1973 com·

81 1992 143 2036 positio
155 1997 182 2023 aut
193 1990 279 2024 dissolutio
290 1990 327 2023 fieri
338 2002 371 2023 non
381 1996 440 2035 potest.
463 1991 533 2024 unitates
546 2002 629 2023 nnmerum
639 1998 716 2036 generant

83 2048 99 2075 et
113 2048 179 2088 augent,
194 2047 211 2074 et
222 2054 280 2075 rursus
295 2041 384 2074 dissolutae
397 2043 414 2074 in
425 2054 443 2074 se
456 2044 501 2088 ipsas
514 2042 599 2088 recipiunt.
621 2048 638 2075 et
651 2045 717 2077 materia

82 2106 121 2135 nna;
135 2094 221 2128 universus
235 2098 288 2126 antem
298 2092 325 2126 hic
335 2092 413 2133 mundus,
425 2105 491 2137 magnus
503 2093 543 2126 dens
554 2099 571 2126 et
581 2094 646 2128 maioris
658 2095 716 2140 imago,

84 2151 100 2176 et
111 2147 165 2179 nnitns
178 2145 212 2186 illi,
226 2151 242 2178 et
255 2156 322 2178 servans
338 2144 410 2177 ordinem
421 2149 437 2176 et
447 2143 546 2178 voluntatem
559 2146 618 2190 patris,
631 2146 716 2192 plenitudo

84 2201 109 2227 est
119 2198 165 2230 vitae.
188 2203 205 2230 et
215 2196 256 2230 nihil
268 2201 293 2230 cst
303 2197 320 2228 in
331 2207 350 2228 eo
361 2207 391 2241 per
401 2200 453 2228 totum
464 2208 520 2230 aevum
526 2203 603 2242 paternae
611 2197 717 2235 circuitionis,

84 2258 137 2290 neque
150 2250 199 2282 totins
213 2261 267 2294 neque
279 2249 356 2294 partium,
371 2246 414 2292 qnod
428 2259 460 2281 non
473 2249 522 2282 vivat.
546 2255 627 2282 mortuum
642 2249 683 2281 enim
696 2259 717 2279 ne

83 2311 133 2332 unum
149 2300 254 2342 quidemaut
264 2305 319 2333 natum
330 2305 355 2332 est
366 2304 394 2332 aut
404 2304 430 2333 est
442 2312 496 2344 neque
509 2301 541 2333 erit
550 2302 568 2334 in
578 2299 644 2333 mundos
665 2298 717 2331 voluit

84 2352 125 2385 enini
139 2355 186 2396 pater
199 2352 247 2384 vitam
258 2353 273 2385 ei
283 2353 345 2391 inesse,
360 2350 411 2385 donee
425 2357 497 2391 eonstet3
511 2351 547 2385 ideo
562 2351 609 2383 etiarn
623 2349 670 2384 deum
681 2362 717 2385 esse
