1591 2531
87 126 106 150 1v
331 116 403 146 Praefatio
415 116 480 148 editoris.

88 217 129 249 ctor
141 209 241 248 Iohannes
253 208 346 248 hibertus
355 207 457 247 Fabricius
471 212 515 247 ante
525 208 600 260 Orphei
612 212 632 247 et
640 207 720 246 Homeri

87 276 173 314 carmina
189 276 323 324 collocaverit,
340 288 373 313 eos
390 275 500 325 sequiorum
515 280 623 325 temporum
639 274 721 313 historia

86 342 181 380 litteraria
199 341 224 379 ad
239 340 341 379 Iamblichi
360 347 379 379 et
395 339 500 390 Porphyrii
522 345 604 379 aetatem
620 341 719 392 relegauit⁴

86 408 121 446 sed
145 421 226 459 magnus
249 406 329 446 Isaacus
357 405 483 445 casaubonus
504 406 525 443 in
552 407 721 445 exercitationibus

87 474 203 513 Baronianis
216 473 256 511 iarn
264 473 361 512 Iustinum
372 477 477 522 martyrem
486 472 577 510 nonnulla
590 485 614 509 ex
622 471 721 510 Hermetis

87 540 136 577 libro
154 539 224 577 citasse
240 552 329 588 monens,
351 543 449 577 auctorem
467 537 591 575 christianum
608 538 639 575 vel
656 537 721 587 potius

88 604 262 644 semichristianum
282 619 321 645 non
341 605 401 643 multo
421 608 467 655 post
487 603 617 654 apostolorum
633 608 722 654 tempora

88 671 161 709 vixisse
174 671 268 722 perhibet.

129 735 185 784 Quae
199 735 316 786 computatio
329 734 350 772 in
363 734 463 774 novissimi
475 735 531 773 istius
545 734 617 773 codicis
631 733 722 772 demotici

88 808 177 853 tempora
189 801 301 839 Neroniana
313 800 388 838 incidit.
408 800 477 838 horum
487 805 550 838 autem
564 799 653 838 codicum
667 800 731 849 quasi

87 869 108 905 in
126 867 167 905 dies
184 867 254 905 crescit
271 871 290 904 et
307 879 396 903 numerus
413 870 432 903 et
449 865 539 916 dignitas.
567 878 611 903 cum
628 866 678 903 enim
694 865 722 903 illi

88 933 122 983 qui
139 933 222 983 primum
239 933 363 970 innotuerunt
379 932 454 970 nonnisi
476 932 594 982 emptionum
611 936 722 970 contractus

90 998 222 1047 exhibuerint,
240 999 272 1036 ahi
289 1010 357 1035 recens
372 997 443 1036 detecti
460 998 533 1048 scripta
550 997 599 1036 varii
615 997 723 1049 argumenti

89 1064 144 1102 nohis
158 1064 297 1114 praebuerunt,
310 1064 385 1102 ritualis
398 1063 483 1101 funebris
496 1062 637 1115 hieroglyphici
650 1063 722 1102 versic-

88 1143 122 1167 nes
131 1128 244 1177 demoticas,
257 1130 374 1178 animalium,
387 1129 502 1179 plantarum,
514 1129 601 1179 lapidum
610 1129 723 1180 descriptio-

88 1208 133 1244 nes,
146 1199 250 1246 praecepta
263 1195 347 1244 medica,
361 1195 503 1246 mythologicas
516 1195 599 1246 gnostici
611 1200 634 1233 ut
646 1194 723 1234 videtur

90 1262 174 1299 auctoris
184 1262 328 1313 explicationes,
341 1260 463 1311 interspersis
472 1262 547 1312 graecis
556 1261 662 1299 vocabulis.
674 1275 722 1299 ncn-

90 1328 186 1366 nullorum
203 1341 280 1377 quoque
293 1327 382 1365 codicum
398 1326 538 1365 demoticorum
550 1327 626 1377 integra
639 1327 723 1379 antigra-

88 1393 128 1443 pha
141 1406 212 1443 graeca
225 1397 297 1431 extant.
325 1392 394 1441 quibus
407 1393 506 1443 perpensis
519 1393 566 1430 satis
580 1393 642 1430 elucet
654 1394 723 1431 arctis-

89 1459 138 1497 sima
151 1459 201 1496 inter
214 1458 320 1497 demoticas
334 1463 354 1496 et
367 1472 447 1509 graecas
463 1459 558 1496 inferioris
574 1463 632 1497 notae
648 1459 722 1497 litteras

90 1525 205 1564 coniunctio,
224 1539 283 1575 qnare
295 1538 335 1563 non
348 1523 489 1575 desperandum
503 1528 532 1562 est
539 1524 581 1562 fore
589 1529 611 1563 ut
620 1525 723 1574 aliquando

91 1591 263 1642 aegyptologorum
276 1591 361 1630 sollertia
369 1589 526 1629 Poemandrivel
539 1590 587 1629 alius
600 1592 667 1642 scripti
679 1591 723 1629 hcr-

89 1657 155 1695 metici
173 1660 236 1696 textus
256 1655 363 1696 demetiens
386 1671 410 1696 ex
430 1656 507 1696 schedis
527 1656 565 1696 iilis
586 1657 723 1708 antiquissimis

90 1727 173 1761 eruatur.

130 1788 180 1827 Cum
194 1792 259 1827 autem
271 1788 292 1826 in
305 1786 426 1826 bibhcthecis
439 1793 480 1826 tam
492 1787 575 1839 publicis
589 1802 647 1839 quam
659 1790 723 1840 priva-

89 1855 115 1894 tis
128 1855 227 1893 rarissima
239 1854 278 1892 sint
286 1852 403 1892 Poemandri
411 1854 505 1905 exempla,
520 1868 576 1904 quem
585 1855 630 1893 inde
639 1855 663 1894 ab
674 1869 723 1894 anno

92 1921 143 1962 1630
152 1921 205 1971 typis
214 1920 326 1959 mandatum
334 1934 374 1960 non
383 1933 425 1959 esse
435 1924 516 1970 constat,
530 1934 573 1959 eum
583 1921 645 1960 denuo
655 1921 724 1961 edendi

91 1987 191 2026 consilium
205 1988 253 2038 cepi.
281 2001 338 2037 quem
352 1987 377 2026 ad
390 1987 448 2025 finem
460 1987 504 2025 usui
518 1986 565 2026 mihi
577 1988 656 2026 fuerunt

130 2053 157 2102 A,
164 2053 226 2092 codex
232 2053 356 2092 Florentinns
361 2052 510 2101 Laurentianus,
514 2052 566 2091 PIut.
571 2052 685 2103 LXXI,n0.
691 2054 723 2104 33,

91 2119 204 2158 chartaceus
221 2121 241 2157 in
258 2121 300 2169 Ito,
323 2118 394 2159 saeculi
410 2118 473 2168 XIV,
491 2133 547 2170 quem
563 2119 679 2160 Franciscns
699 2121 723 2159 de

90 2185 151 2225 Furia
163 2186 189 2224 V.
202 2185 232 2225 01.
250 2191 321 2238 rogatu
336 2199 379 2224 meo
397 2199 446 2224 anno
460 2186 511 2226 1850
525 2199 569 2225 cum
581 2187 667 2227 Turnebi
684 2187 724 2226 edi-

91 2253 143 2292 tione
155 2254 291 2292 conferendnm
304 2252 385 2301 curavit,

130 2320 155 2369 B,
169 2319 231 2375 codex
242 2320 342 2359 Parisinus
352 2320 410 2369 1220,
424 2319 459 2358 sub
473 2320 530 2359 finem
541 2292 615 2358 ¹sacculi
623 2319 677 2358 XIII
690 2334 723 2359 ex-
