1591 2531
101 153 114 176 x
341 143 414 174 Praefatio
425 144 493 184 Verginii.

99 234 134 274 τὸν
148 239 238 289 κρατῆρα
251 240 287 276 τοῦ
299 239 339 282 νοῦ,
353 235 386 274 διά
396 240 432 276 τοῦ
440 237 565 290 κηρύγματος
573 240 609 277 τοῦ
617 235 672 289 παρά
681 239 733 276 θεοῦ

99 305 229 356 πεμφθέντος
242 305 273 341 ἐπὶ
286 304 321 349 τῆς
334 304 376 351 γῆς,
390 302 472 357 φάσκων
486 305 543 341 ταντί
556 332 565 350 „
571 301 615 342 ὅσοι
628 306 663 354 μὲν
672 305 732 350 σννῆ-

99 383 136 408 καν
150 371 186 408 τοῦ
199 367 322 421 κηρύγματος
336 367 407 408 τούτου
420 370 454 408 καὶ
467 369 623 418 ἐβαπτίσθησαν
635 372 671 409 τοῦ
679 368 731 417 νοός,

100 431 155 474 οὗτοι
167 439 261 485 μετέσχον
274 437 310 483 τῆς
323 438 383 481 θείας
395 434 489 486 γνώσεως,
503 432 548 474 ὅσοι
561 435 580 473 δ’
591 433 683 487 ἥμαρτον
696 440 732 477 τοῦ

98 500 222 552 κηρύγματος
239 503 273 540 καὶ
291 502 314 541 οὐ
327 500 473 553 προσειλήφασι
490 497 525 539 τὸν
542 498 622 550 λογικὸν
635 505 692 549 νοῦν,
710 507 732 542 αἱ

98 564 204 614 αἰσθήσεις
217 566 292 607 τούτων
305 556 349 613 ταῖς
362 569 401 606 τῶν
414 565 493 616 ἀλόγων
506 564 560 612 ζώων
574 568 612 606 είσί
627 567 732 619 παραπλή-

99 646 149 672 σιαι·
163 633 208 673 ἀλλ’
220 633 244 674 ού
257 632 340 674 δύναταί
353 648 387 680 τις7
401 634 456 685 φησί,
470 634 611 683 βαπτισθῆναι
625 636 651 679 εὶς
665 632 731 682 αὐτόν,

98 696 134 737 εάν
147 697 174 749 μὴ
188 702 266 752 πρῶτον
279 698 302 738 τὸ
316 701 374 749 σῶμα
387 698 449 738 αὑτοῦ
462 697 541 753 μισήση,
554 701 643 739 τουτέστι
655 697 678 738 τὸ
692 699 732 739 ύλι-

98 763 134 804 κδν
146 768 180 804 καί
193 767 262 815 γεῶδες
280 764 375 820 φρόνημα
389 767 424 812 τῆς
442 763 523 817 σαρκός,
540 767 574 804 καὶ
591 763 642 818 πρὸς
658 769 731 807 ἐκεῖνον

97 831 132 868 τον
146 833 218 870 ἔνθεον
231 833 279 871 νοῦν
293 830 344 877 ὅλως
357 834 454 882 γένηται.“
481 829 552 883 ἀρίστη
566 832 600 869 καί
617 830 731 882 εύαγγελικη

99 898 218 936 διδασκαλίαι
237 896 286 945 αύτη
298 900 362 937 δοκεῖ,
390 895 439 936 ὥστε
455 898 489 936 καὶ
507 893 608 951 φαίης-ἀν
622 895 683 937 αὐτὸν
697 898 731 938 ού-

97 967 146 1001 τωσί
158 966 241 1013 λέγοντα
255 965 301 1010 ίσως
313 962 429 1014 θεσπιῳδόν
442 978 487 1003 τινα
500 965 534 1002 καὶ
543 961 620 1014 μύστην
628 963 731 1017 τυγχάνειν

99 1026 148 1067 ὄντα
161 1031 223 1068 θεοῖν
241 1034 261 1069 ἐν
275 1032 357 1075 πολλοῖς
370 1027 408 1082 γάρ
422 1032 456 1068 καί
469 1026 537 1074 ἀλλοις
554 1031 593 1068 τῶν
606 1028 656 1082 πρὸς
670 1030 732 1070 αὐτοῦ

97 1097 202 1145 ῥηθέντων
216 1096 240 1134 ού
253 1098 334 1134 διοίσειν
351 1098 390 1134 τῶν
403 1096 453 1147 παρ’
463 1095 512 1145 ἡμῖν
529 1095 683 1148 ίερολογούντων
697 1095 731 1135 δό-

97 1160 146 1207 ξειεν
160 1158 194 1199 ἀν·
209 1159 252 1214 οἶόν
266 1165 326 1208 ἐστιν,
344 1159 376 1199 ὅτε
389 1163 434 1213 περί
447 1176 468 1199 τε
482 1163 544 1199 καλοῦ
557 1161 653 1212 κᾲγαθού
666 1163 731 1200 διαλε-

97 1226 181 1277 γόμενος
194 1231 254 1277 λέγει,
269 1226 299 1265 ὅτι
312 1225 368 1277 παρά
381 1229 408 1276 τῷ
422 1228 466 1276 θεῷ
479 1225 543 1277 μόνον
557 1231 599 1266 ελσί.
627 1229 660 1265 καὶ
674 1226 705 1265 ὅτι
718 1227 730 1274 ἡ

98 1292 187 1342 ἀγνωσία
205 1293 267 1332 αὑτοῦ
283 1297 377 1343 με’γιστον
390 1297 411 1330 ὲν
425 1290 541 1343 ἀνθρώποις
555 1292 616 1331 κακόν
630 1297 680 1340 ἐστι,
697 1295 731 1332 καὶ

97 1362 142 1411 περὶ
155 1361 224 1413 ψυχῶν
237 1358 358 1413 ἀφθαρσίας
370 1373 391 1396 τε
404 1359 438 1396 καὶ
446 1356 550 1405 κολάσεως,
564 1360 625 1398 ἔτιδὲ
638 1361 683 1411 περὶ
696 1362 732 1398 τού

97 1429 118 1465 ἐν
132 1424 248 1479 ἀνθρώποις
261 1426 330 1464 κοινοῦ
341 1426 383 1471 νοῦ,
397 1422 455 1469 ποῖός
468 1440 497 1470 τις
506 1426 548 1464 ’ἐστι
560 1426 595 1463 καὶ
608 1427 628 1463 τί
636 1423 731 1477 δύναται]

98 1491 150 1531 ἀλλά
164 1490 188 1539 δὴ
202 1495 236 1530 καὶ
252 1493 297 1543 περὶ
315 1494 350 1537 τῆς
368 1493 517 1540 παλιγγενεσίας
530 1505 551 1529 τε
564 1492 598 1529 καὶ
614 1494 731 1542 ἐπαγγελίας
759 1544 761 1547 ⁸

98 1559 137 1598 τῶν
151 1558 242 1609 ἀγαθῶν,
256 1559 309 1597 ἔνθα
323 1558 373 1611 φησὶ
386 1555 422 1596 τὸν
435 1558 470 1604 τῆς
479 1558 628 1607 παλιγγενεσίας
637 1558 731 1610 δημιουρ-

97 1621 134 1675 γὸν
148 1623 198 1664 εἶναι
211 1627 263 1663 θεοῦ
276 1625 340 1663 παῖδα
353 1624 387 1662 καὶ
400 1620 511 1676 ἀνθρωπον
525 1627 568 1663 ἐ’να·
582 1625 616 1662 καί
629 1625 674 1676 περὶ
682 1626 731 1663 πολ-

98 1691 137 1729 λῶν
151 1688 217 1730 ἀλλων
230 1692 342 1741 θεοσεβῶν,
356 1687 370 1728 ά
384 1687 417 1728 διά
430 1685 454 1728 τὸ
467 1694 560 1741 παρεῖναι
577 1694 598 1729 εν
611 1691 674 1736 τοῖςδε
692 1691 731 1730 τῶν

99 1758 221 1810 κεφαλαίων,
242 1754 278 1795 τὸν
299 1754 389 1807 ἀριθμὸν
407 1753 470 1794 ὅντων
491 1757 630 1795 πεντεκαίδεκα
646 1754 731 1804 πάντων,

98 1821 173 1876 ἀφίημι
186 1821 269 1876 παριών·
284 1819 336 1869 πλὴν
350 1818 416 1860 ὅτιτὸ
430 1824 523 1871 μέγιστον
540 1823 574 1860 καὶ
591 1821 732 1872 θανμασιάτε-
759 1846 760 1849 =

98 1902 134 1940 ρον
147 1887 227 1929 πάντων
240 1890 280 1928 τῶν
292 1888 327 1928 ὑπ’
339 1889 413 1927 ἐκείνου
422 1889 527 1938 ῥηθέντων
536 1887 561 1926 ού
568 1886 668 1941 πάρεργον
677 1888 731 1937 ἔδοξέ

98 1969 133 2004 μοι
146 1959 211 1995 εἰπεῖν,
238 1959 347 2007 γέγραπται
360 1956 396 2005 μὲν
409 1956 436 2004 τῷ
450 1953 539 2004 Σονίδηι,
552 1956 664 2003 κεκλῆσθαι
676 1969 731 2006 τρισ-

97 2023 191 2070 μέγιστον
207 2018 243 2060 τὸν
259 2020 330 2073 Ἑρμῆν
347 2018 379 2060 διά
393 2018 416 2059 τὸ
429 2021 474 2071 περὶ
487 2021 523 2068 τῆς
539 2019 620 2073 τριάδος
637 2008 731 2074 φθεγξά-

99 2100 159 2137 μενον
167 2087 231 2126 ταῦτα
240 2092 309 2127 εἰπεῖν·
323 2091 358 2135 »ἐν
367 2085 432 2140 τριάδι
441 2089 490 2138 μίαν
500 2084 550 2127 εἶναι
559 2085 655 2136 θεύτητα.
669 2086 731 2134 οὕτως

100 2147 125 2200 ἦν
139 2156 181 2205 φῶς
193 2150 264 2205 νοερὸν
277 2151 315 2206 πρὸ
330 2151 396 2207 φωτὸς
409 2154 484 2205 νοερού,
498 2156 531 2193 καὶ
545 2148 570 2202 ἦν
584 2153 615 2194 ἀεὶ
628 2156 675 2201 νοῦς
684 2153 731 2200 νοὸς

100 2218 199 2271 φωτεινός,
212 2222 246 2259 καὶ
260 2219 316 2260 οὐδὲν
330 2224 396 2272 ἕτερον
409 2215 435 2267 ἦν
447 2219 460 2268 ἡ
474 2219 545 2261 τούτου
554 2219 622 2269 ἑνότης
631 2219 644 2269 ἢ
653 2221 730 2272 πνεῦμα

99 2283 166 2324 πάντα
179 2289 277 2337 περιέχον·
291 2284 346 2332 ἐκτὸς
359 2284 430 2326 τούτου
444 2287 468 2327 ού
479 2286 534 2336 θεάς,
548 2287 583 2327 ούκ
595 2285 682 2338 ἀγγελος,
696 2286 731 2326 οὐκ

100 2350 159 2392 οὐσία
171 2367 202 2398 τις
215 2350 274 2400 άλλη·
288 2347 368 2394 πάντων
381 2350 498 2407 γάρ’κύριος
511 2356 544 2394 καὶ
557 2351 623 2407 πατὴρ
634 2355 667 2394 καὶ
677 2352 731 2403 θεός,
