1591 2531
208 804 210 807 >
270 785 380 830 Praefatio
397 788 492 831 editoris.

65 916 125 994 Plus
139 969 197 1006 quam
211 956 289 1010 ducenti
303 956 347 995 anni
360 961 410 1007 sunt,
425 971 449 995 ex
462 970 501 1007 quo
513 956 611 995 Hermetis
625 958 658 1007 qui
670 959 699 995 fe-

64 1022 133 1061 runtur
149 1023 195 1062 libri
207 1023 291 1062 Rosselii
307 1036 366 1075 opera
379 1024 400 1062 in
412 1024 475 1062 lucem
490 1023 609 1075 prodierunt.
637 1037 700 1074 neque

64 1088 134 1127 nostris
154 1091 272 1141 temporibus
290 1090 443 1139 Poemandrum,
463 1091 585 1129 notissimum
601 1089 700 1128 Hermetis

64 1165 113 1206 opus
127 1155 189 1193 denuo
202 1157 255 1207 typis
268 1156 398 1195 mandandum
407 1170 448 1195 esse
459 1157 603 1204 censuissemus,
617 1157 654 1194 nisi
663 1158 699 1194 mi-

63 1222 119 1260 rifica
131 1221 164 1258 illa
173 1222 332 1272 aegyptiacarum
341 1223 450 1260 litterarum
457 1223 571 1261 instauratio
579 1222 626 1260 huic
634 1222 698 1260 libello

65 1286 138 1337 aliquid
151 1286 258 1325 addidisset
270 1289 368 1326 momenti.
387 1302 436 1338 quae
444 1289 558 1328 instauratio
572 1288 654 1340 gloriam
667 1301 700 1325 an-

64 1353 160 1403 tiquitatis
174 1354 300 1404 aegyptiacae
314 1359 333 1391 et
347 1355 401 1392 auxit
415 1360 434 1392 et
447 1356 521 1393 minuit.
548 1355 602 1392 auxit
616 1354 700 1404 quidem,

65 1419 208 1470 chronologicis
226 1419 391 1468 disquisitionibus
408 1421 496 1472 Aegypti
513 1421 614 1459 historiam
631 1420 656 1457 ad
669 1434 700 1457 re-

64 1485 170 1524 motissima
177 1490 264 1536 tempora
270 1485 409 1536 protrahendo;
419 1487 489 1524 minuit
497 1492 568 1536 autem,
576 1490 701 1525 monumenta

65 1550 166 1602 quaedam,
179 1565 215 1601 pro
230 1551 367 1601 antiquissimis
380 1551 455 1602 habita,
473 1553 533 1591 aetati
544 1553 701 1591 Ptolemaeorum

65 1622 85 1655 et
93 1617 225 1655 Romanorum
239 1617 373 1656 adiudicando.
387 1627 437 1657 ‘nam
449 1624 541 1669 quattuor
552 1620 593 1658 fere
606 1632 700 1656 annorum

64 1684 118 1722 milia
133 1684 242 1735 principum
260 1685 395 1736 aegyptiorum
411 1686 476 1737 regnis
492 1686 574 1736 impleta
590 1698 632 1723 esse
648 1698 700 1723 nunc

64 1750 143 1801 plurimi
160 1750 290 1799 consentiunt,
312 1749 418 1789 Caesarum
439 1756 504 1790 autem
520 1765 644 1790 romanorum
665 1764 701 1788 no-

65 1816 117 1854 mina
135 1829 196 1866 nsque
212 1815 238 1853 ad
253 1815 397 1854 Diocletianum
417 1816 477 1868 signis
495 1816 646 1869 hieroglyphicis
667 1806 710 1855 exss

65 1896 132 1933 pressa
153 1883 212 1920 fuisse
234 1882 319 1920 maxima
344 1883 451 1933 sagacitate
475 1882 615 1922 demonstrarit
637 1882 700 1920 Fran-

66 1948 128 1986 ciscus
142 1947 270 1998 Champollio,
283 1961 380 1999 papyrum
393 1948 509 1986 demoticam
525 1949 651 2000 parisiensem
667 1948 700 1986 de-

66 2015 115 2052 cimo
128 2013 212 2052 Neronis
227 2028 276 2053 anno
290 2018 389 2052 exaratam
406 2028 447 2053 esse
464 2028 526 2066 nuper
542 2016 634 2066 probavit
646 2014 700 2053 Hen-

64 2080 116 2119 rious
129 2080 256 2132 Brugschius.

104 2146 137 2184 De
152 2147 245 2185 librorum
268 2147 417 2186 hermeticorum
437 2152 500 2186 aetate
522 2148 589 2186 eadem
610 2159 659 2195 quae
677 2147 701 2185 de

65 2213 193 2252 monumentis
207 2214 330 2264 aegyptiacis
341 2214 378 2252 fuit
391 2214 492 2253 dubitatio.
520 2227 568 2263 quos
581 2211 641 2251 libros
656 2226 700 2251 cum

65 2279 122 2330 primi
135 2278 228 2328 editores,
241 2279 354 2330 Vergicius,
368 2281 457 2329 Flnssas,
471 2279 578 2329 Patricius,
592 2278 655 2319 Mosis
668 2293 701 2317 ae-

65 2347 102 2401 tati
116 2345 246 2394 attribuerint,
264 2345 416 2396 venerabilisque
429 2345 558 2385 bibliothecae
572 2359 653 2399 graecae
666 2359 699 2383 au-
