1591 2531
267 135 340 165 Praefatio
351 136 426 166 Flussnris.
625 141 664 167 XVII

33 228 85 267 atavi
98 226 199 267 Abraham
212 226 338 277 temporibus.
362 241 420 277 quare
434 228 485 267 circa
499 232 587 278 tempora
599 228 664 267 Abra-

32 295 77 334 ham
94 294 147 331 illum
165 292 252 332 floruisse
268 298 385 344 putaremus.
415 296 466 333 inter
483 307 533 345 quae
549 298 590 331 tam
606 294 663 332 variis

32 360 122 398 fluctibus
131 359 238 397 aestuantia
246 373 293 410 prae
302 346 397 398 vetustate
405 360 439 409 rei,
454 361 527 411 antiqui
539 359 591 398 illius
600 360 665 411 graeei

34 425 106 465 Snidae
118 426 195 476 scriptis
209 426 301 465 consultis
315 438 363 475 quae
377 425 401 464 de
410 425 503 466 Mercurii
515 433 603 478 tempore
612 426 665 464 dixe-

33 493 59 537 rit
71 492 196 532 narrabimus.
220 493 247 531 ait
260 505 344 542 namque
358 490 435 540 Suidas
448 491 566 532 Memmium
580 493 666 532 Trisme-

33 559 105 610 gistum
121 559 227 611 sapientem
240 559 354 610 Aegiptium
371 557 459 597 floruisse
477 564 521 598 ante
536 560 664 599 Pharaonem.

33 624 154 664 Pharaonem
163 630 233 674 autem,
246 624 364 674 testoridem,
373 624 428 663 illum
436 624 495 663 fuisse
504 624 586 676 Aegipti
593 638 665 677 regem,

34 692 67 740 qui
80 691 203 741 sequentibus
216 703 286 729 nomen
302 690 377 729 indidit.
405 704 465 742 quare
482 692 499 730 si
516 691 599 743 primum
615 690 667 729 Pha-

34 770 111 795 raonem
125 756 260 807 praecesserit,
278 769 317 794 non
330 756 379 795 citra
393 757 462 796 horum
475 758 534 795 trium
547 750 669 807 patriarcha-

34 837 76 861 rum
94 828 182 875 tempora
197 822 257 862 fuisse
274 826 359 871 constat,
374 835 416 861 cum
430 822 539 872 Abraham,
556 822 616 861 Iacob
634 829 667 861 aut

34 888 111 928 Israelis
128 894 215 941 tempore
231 889 270 927 iam
288 887 378 927 adessent
393 901 453 940 regno
471 887 589 927 Pharaones.
618 889 667 927 haec

35 956 101 1008 sagaci
117 955 186 995 lectori
202 969 214 995 a
229 954 285 994 nobis
303 954 384 994 collecta
400 953 521 1010 discutienda
537 955 670 1004 relinquimus

35 1023 132 1072 quocirca,
146 1020 256 1061 Christiane
268 1022 336 1072 lector,
350 1034 426 1072 quoquo
440 1034 461 1060 se
474 1017 538 1060 vertat
550 1021 670 1060 Tcrmaximi

35 1089 87 1133 illius
99 1093 161 1127 status
175 1094 209 1128 aut
223 1088 338 1128 conditionis
351 1089 457 1140 negotium,
470 1088 495 1127 iis
509 1102 558 1139 quae
572 1089 596 1127 de
609 1088 669 1140 ipsius

35 1154 125 1193 dicuntur
137 1158 236 1205 tempore,
244 1154 364 1205 disciplinam
378 1154 458 1205 abipso
467 1154 558 1193 traditam
568 1159 671 1206 antepone,

36 1234 59 1259 ac
70 1221 191 1259 Mercurium
204 1221 290 1271 suscipe,
303 1234 343 1258 non
355 1220 414 1259 modo
427 1225 519 1270 tanquam
531 1220 669 1271 philosophum

35 1287 159 1338 prophetam,
180 1300 248 1325 verum
264 1291 284 1325 et
300 1287 437 1337 philosophum
454 1287 584 1338 evangelistae
600 1300 671 1325 nomen

35 1353 167 1404 promeritum.
194 1352 227 1391 hio
243 1366 326 1403 namque
343 1353 426 1406 gratiam
443 1353 552 1404 praecipuis
570 1352 671 1391 effectibus

35 1419 130 1457 nunciatis
144 1419 217 1457 homini
225 1419 339 1471 propalavit,
354 1424 374 1458 et
386 1419 443 1458 huius
456 1420 544 1469 salutem,
558 1419 617 1457 aDei
630 1419 671 1457 filio.

36 1485 309 1537 unohomine'regenerandis
318 1485 426 1525 hominibus
436 1486 489 1536 dato,
500 1486 588 1537 pendere
597 1486 670 1537 primus

37 1551 118 1602 aperuit.
146 1551 281 1603 exponendum
297 1557 361 1591 autem
378 1553 468 1591 volumen
484 1553 580 1603 utrisque,
597 1552 674 1604 graecis

38 1631 60 1656 ac
74 1618 139 1657 latinis
152 1632 163 1657 e
175 1619 255 1671 regione
272 1619 382 1659 constitutis
398 1621 507 1659 curavimus
521 1619 673 1667 characteribus,

38 1684 171 1724 distinctiones
192 1686 299 1725 sectionum
316 1686 340 1724 ad
358 1686 468 1725 interiorem
486 1686 601 1737 exemplaris
618 1699 671 1724 oram

35 1751 122 1789 numeris
136 1750 271 1803 designantes,
285 1765 333 1802 quas
347 1752 425 1802 qtndem
443 1752 587 1791 commentariis
598 1752 673 1804 gallicis
706 1792 708 1794 ,

38 1816 145 1856 scribendis
162 1817 312 1857 observavimus.
343 1819 401 1869 aequi
416 1819 476 1871 igitur
493 1820 577 1869 bonique
596 1818 673 1858 consule

39 1888 59 1920 et
71 1883 133 1922 labori
145 1889 212 1923 nostro
225 1884 310 1937 indulge.
