1591 2531
94 136 125 167 100
333 132 374 173 Περὶ
385 131 413 161 ιάῗι
424 128 482 162 κοινοῦ.
654 140 688 169 cap.
700 129 725 160 12.

92 221 150 271 οὗτος
156 225 218 278 μόνος
224 226 309 277 ἀκριβῶς
316 223 374 263 οἶδεν.
389 222 399 262 ὁ
410 224 458 270 νοῦς
467 218 503 263 οῦν
510 221 545 263 οῦκ
556 223 608 272 ’ἐστιν
616 220 728 273 ἀποτετμη-

91 295 151 344 μέυος
159 295 195 341 τῆς
202 290 316 339 οὐσιότητος
326 292 362 329 τοῦ
368 292 426 338 θεοῦ,
439 290 592 340 ἀλλ’ἡνωμένος,
602 286 696 340 καθάπερ
704 285 727 326 τό

92 363 129 399 τοῦ
137 360 195 408 ἡλίου
209 360 257 411 φώς.
284 353 343 404 οὗτος
356 359 377 397 ἀὲ
387 356 398 396 ό
408 359 454 400 νοῦς
467 359 488 394 ἐν
501 357 537 406 μὲν
549 353 666 408 ἀνθρώποις
679 352 748 400 θεός3

93 430 139 472 ἐστι,
153 422 184 464 ὃιό
198 427 232 463 καί
245 439 296 470 τινες
309 427 349 464 τῶν
359 421 473 474 ἀνθρώπων
483 422 530 459 θεοί
540 425 581 467 ελοι,
595 427 629 460 ναὶ
642 421 729 469 ἡαῦτῶυ

93 488 228 542 ἀνθρωπότης
242 488 299 541 ἑγγός
312 495 353 530 ὲοτι
370 491 405 537 τῆς
422 486 539 534 θεότητος..
553 488 587 525 καὶ
600 485 639 539 γάρ
653 485 664 524 ὁ
678 486 729 536 ἀγα-

92 553 134 602 θός
147 558 225 607 δαίμων
238 555 285 602 τοῦς
298 559 334 607 μὲν
342 551 403 599 θεοάς
413 551 465 593 εἶπεν
475 551 594 598 ἀθανάτους
604 551 728 604 ἀνθρώπους,
739 564 748 593 6

93 619 140 667 τοῦς
154 623 174 661 δὲ
188 621 310 676 ἀνθρώπους
323 617 385 666 θεοὺς
402 618 501 668 θνητούς·
520 623 541 658 ὲυ
555 620 575 659 δὲ
588 626 630 665 τοῖς
648 617 729 669 ἀλόγοις

67 685 79 725 2
94 687 150 736 ζώοις
168 688 238 734 όνοῦς
251 687 263 734 ἡ
282 685 340 741 φύσις
357 688 416 726 ἐστίν.
446 685 496 726 ὅπου
513 684 551 740 γάρ
570 683 623 738 ψυχὴ
641 689 679 724 ἐκεῖ
696 686 730 723 καὶ

41 765 43 769 “
94 756 142 800 νοῦς
155 758 215 800 ἐστιν,
230 752 294 805 ὥσπερ
309 751 360 792 ὅπου
374 749 412 801 ζωὴ
427 756 465 791 ἐκεῖ
478 755 512 791 καὶ
525 751 579 805 ψυχή
593 757 655 792 ἐστιν·
673 756 694 792 ἐν
708 752 747 793 δὲυ

94 826 136 865 τοῖς
150 818 230 870 ἀλόγοις
243 818 299 867 ζώοις
312 815 389 873 ἡψυχὴ
398 816 438 866 ζωή
447 822 489 857 ἐστι
501 817 547 866 κενὴ
561 820 597 857 τοῦ
608 821 655 857 νοῦ·
670 815 729 870 όγάρ

94 887 142 930 νοῦς
155 887 224 937 ψυχῶν
242 890 295 925 ἐστιν
313 885 413 937 εὐεργέτης
430 883 555 937 ἀνθρώπιον·
573 882 675 937 ὲργάζεται
691 882 730 936 γάρ

95 950 158 996 αῦτάς
176 956 203 997 εὶς
220 950 243 990 τό
261 952 312 996 ἰ’διον
334 950 424 1002 ἀγαθόν·
443 953 477 989 καὶ
493 956 536 996 τοῖς
551 952 587 1001 μὲν
609 949 689 1002 ἀλόγοις
705 952 730 1004 τῇ
742 962 762 992 12

96 1015 180 1057 έκάοτου
198 1015 257 1072 φύσει
274 1024 370 1069 συνεργεῖ,
387 1024 432 1063 ταῖς
449 1018 470 1056 δὲ
487 1019 526 1056 τῶν
543 1015 659 1069 ἀνθρώπων
676 1016 731 1056 ἀντι-

95 1081 186 1135 ιιράοοει.
212 1080 267 1136 ψυχὴ
284 1082 323 1135 γάρ
341 1087 398 1122 τιάοα
415 1088 437 1122 ἐν
451 1080 527 1133 σώματι
544 1086 639 1134 γενομένη
657 1082 732 1127 εῦθὲυις

95 1147 135 1189 ἀπό
148 1164 169 1188 τε
182 1150 218 1198 τῆς
235 1146 297 1197 λόπιγς
313 1150 399 1200 καὶτῆς
416 1148 490 1197 ἡδονῆς
507 1150 612 1197 ααιιίζεται.
640 1147 732 1200 σώματος
743 1162 763 1192 15

95 1213 134 1267 γάρ
145 1217 244 1256 συνθέτου
253 1213 318 1268 ὥσπερ
327 1217 387 1266 χυμοὶ
396 1216 472 1261 ζέουσιν
480 1214 494 1262 ἥ
502 1229 524 1254 τε
533 1214 584 1263 λόπη
597 1215 653 1264 καὶὴ
663 1213 732 1262 ἡδονή,

71 1278 83 1317 3
98 1285 124 1327 εὶς
138 1279 162 1328 ἀς
175 1282 256 1332 ἐμβᾶσα
269 1280 281 1327 ἡ
295 1278 350 1334 ψυχὴ
363 1280 484 1329 βαπτίζεται.
508 1278 565 1327 ὅσαις
573 1279 600 1321 ἀν
609 1277 644 1320 οῦν
657 1288 732 1334 ψυχαῖς

140 1408 154 1439 l.
165 1417 200 1449 post
214 1405 280 1450 ἀκριβῶς
293 1406 330 1436 libri
343 1407 377 1437 add.
392 1403 450 1444 αῦτάν,
465 1407 520 1437 delevit
532 1407 576 1438 Tied.
620 1409 636 1439 λ.
650 1408 733 1451 ἡνωμένος]

139 1457 324 1502 ώσπερὴπλυιμίυοςΑΒ
332 1458 380 1488 Turn.
391 1457 442 1489 Fluss.
481 1457 496 1488 6.
507 1450 606 1502 v‹121119901'710113
616 1472 646 1491 om.
657 1462 672 1490 A
685 1461 733 1491 Tum.

139 1511 189 1542 Fluss,
233 1509 248 1541 8,
260 1509 268 1540 ὃ
280 1507 317 1545 νοῦς
328 1521 358 1539 om.
370 1508 398 1539 AB
409 1510 518 1540 Turn.F1uss.
564 1510 579 1541 9.
591 1513 633 1543 ἐστιν
646 1520 680 1553 post
691 1510 734 1552 ψυχὴ

141 1575 171 1593 om.
183 1562 216 1592 AB.
260 1561 285 1591 10.
296 1561 326 1591 τοῦ
337 1571 367 1591 om.
378 1559 397 1591 B.
447 1560 472 1592 ll.
483 1556 514 1604 γὰρ
526 1573 556 1594 om.
567 1561 607 1594 Patr.
656 1563 682 1593 12.
693 1564 734 1595 ἴδιον

141 1626 172 1644 om.
183 1613 211 1643 AB
223 1613 270 1643 Tum.
281 1612 329 1643 Fluss.
379 1611 404 1643 13.
416 1621 449 1643 ante
460 1611 529 1644 {aalma
540 1613 568 1644 AB
580 1614 628 1645 Turn.
639 1615 688 1647 Flussi
699 1616 733 1647 add.

141 1663 166 1696 δι’.
210 1663 234 1694 la.
246 1663 294 1695 πᾶσα
304 1676 334 1695 om.
345 1663 359 1693 B
371 1664 410 1694 Patr.
455 1663 481 1696 16.
492 1666 554 1707 ῥέουσιν
564 1665 605 1697 Patr.

100 1803 133 1825 non
144 1796 169 1824 eat
179 1791 241 1824 reeeisa
252 1790 271 1822 ab
283 1791 353 1822 essentia
364 1790 396 1830 dei,
407 1789 438 1823 sed
448 1790 493 1823 unita
503 1790 608 1833 sieutiwsolis
621 1791 681 1824 iumen.
704 1792 735 1824 ista

101 1854 140 1876 vero
151 1854 196 1875 mens
208 1843 225 1874 in
236 1840 328 1874 hominibus
339 1840 379 1874 deus
391 1848 422 1881 est,
432 1840 470 1873 ideo
481 1840 531 1886 aliqui
538 1841 621 1875 hominum
631 1842 655 1875 dii
665 1847 708 1882 sunt,
719 1849 736 1875 et

100 1897 173 1940 ipsorum
184 1893 274 1926 humanitas
284 1894 358 1938 proxima
369 1897 394 1925 est
406 1892 466 1925 deitati.
483 1893 541 1925 etenim
552 1893 605 1926 bonus
617 1893 685 1927 daemon
696 1893 735 1927 deos

101 1946 143 1978 dixit
155 1944 229 1978 homines
242 1943 349 1984 immortales,
363 1944 438 1977 homines
451 1955 491 1977 vero
505 1943 544 1976 deos
558 1944 642 1987 ποταμός
655 1946 672 1978 in
682 1945 736 1978 brutis

100 2009 140 2030 vero
151 2008 196 2029 mens
208 2002 233 2029 est
243 2001 304 2029 naturai
322 2008 358 2029 nam
370 1995 398 2029 ubi
409 1996 466 2036 anima,
477 1994 500 2028 ibi
511 2007 556 2028 mens
564 2002 594 2036 est,
606 1997 654 2030 sieuti
662 1996 690 2030 uhi
697 1997 735 2037 vita,

101 2049 124 2082 ibi
135 2049 195 2089 anima3
206 2049 223 2079 in
233 2047 286 2080 brutis
298 2048 349 2079 anima
359 2048 393 2080 vita
404 2053 430 2080 est
440 2058 490 2080 vacua
500 2054 562 2088 mente3
573 2059 618 2081 mens
630 2049 672 2081 enim
679 2049 737 2081 anima-

101 2112 136 2134 rum
147 2104 173 2132 est
183 2098 284 2131 benefactrix
290 2097 379 2137 huminum3
391 2097 436 2131 ducit
447 2110 475 2131 eos
483 2099 500 2130 in
507 2100 590 2144 proprium
597 2100 665 2139 bonuau
677 2105 693 2132 et
700 2099 737 2133 bru·

102 2153 123 2184 tis
135 2150 199 2196 quidem
210 2151 290 2194 cuiusque
300 2154 366 2182 naturae
377 2155 481 2195 cooperatur,
497 2150 580 2184 hominum
590 2163 629 2185 vero
641 2153 701 2184 naturis
713 2163 737 2183 re

102 2202 135 2234 frav
126 2209 176 2246 g,atur
199 2203 251 2235 anima
265 2201 317 2234 omnis
331 2212 367 2233 eum
377 2202 394 2233 in
409 2213 468 2246 eorpus
482 2201 591 2243 descenderit,
604 2202 649 2237 iliieo
661 2216 669 2235 a
680 2201 738 2235 dolere

104 2257 120 2284 et
130 2253 212 2298 voluptate
223 2253 324 2298 depravatur
346 2263 382 2284 nam
397 2247 470 2296 eorporis
482 2255 567 2300 compositi
579 2255 625 2300 quasi
635 2254 696 2287 fluores
707 2252 738 2285 ier-

103 2309 142 2336 vent
155 2303 201 2337 dolor
215 2310 231 2337 et
241 2304 344 2351 voluptas‚'
339 2315 356 2336 ln
367 2316 408 2349 quae
421 2305 493 2350 ingressa
506 2306 558 2339 anima
569 2306 650 2350 mergitur.
673 2303 737 2349 quibus·

105 2366 169 2399 cunque
182 2366 219 2397 ergo
233 2356 315 2389 animabus
329 2367 374 2388 mens
387 2356 483 2400 praesidet,
492 2356 529 2390 illas
543 2367 573 2390 suo
587 2355 648 2388 lumine
660 2354 736 2398 illustrat,
