1591 2531
88 141 121 166 vul
328 129 400 161 Praefatio
412 128 480 168 Verginii.

90 226 176 277 πατρίδα
199 223 343 277 συγγράμματα
364 220 443 275 γριίφαι
461 224 496 270 τῆς
513 221 557 260 κατ’
574 224 635 261 ἐκεῖνο
654 223 724 271 καιροῦ

91 293 187 342 μυστικῆς
197 292 318 343 φιλοσοφίας
327 302 347 327 τε
356 291 391 328 καὶ
399 290 509 338 θεολογίας
521 285 595 343 πολλοί·
610 283 637 328 ὧν
647 286 671 326 τα
681 285 726 326 κατ’

92 358 162 410 ἐξοχὴν
176 354 211 396 δύο
225 358 275 395 ἐστί·
289 352 312 394 τό
326 357 362 406 μὲν
370 351 485 402 Ἀσκληπιός
498 356 594 401 κέκληται,
608 352 631 392 τό
642 356 662 394 δὲ
672 356 724 393 Ποι-

92 422 189 475 μιίνδρης,
207 423 240 460 καὶ
254 422 295 461 ἔστι
308 420 331 462 τό
345 420 415 474 παρόν.
444 419 455 460 δ
468 418 532 459 ποίλαι
545 421 580 469 μὲν
594 423 620 465 εὶς
634 418 671 468 τῆν
684 422 724 459 των

93 492 188 530 Λατίνων
197 490 286 538 γλῶτταν
296 490 467 541 μεθερμηνευθὲν,
480 486 504 527 οὐ
512 486 561 537 μόλ’
568 485 725 536 ὲξηκριβωμίνως

93 558 119 602 δέ,
132 558 153 593 ἐν
166 559 211 600 ταῖς
226 555 317 602 Ἐνετίαις
330 555 379 608 παρ’
391 551 451 605 Ἆλδῳ
464 556 492 604 τῷ
507 552 594 604 Ῥωμαίῳ
607 550 724 597 τετόαωταιΙ

94 621 132 674 ὀψὲ
146 622 167 660 δὲ
185 635 232 660 ποτε
250 624 283 661 καί
301 626 321 661 ἐν
337 622 452 672 Φλωρεντίη,
470 624 496 665 εὶς
509 616 546 667 τῆν
564 617 666 672 ἐπιχώριον
683 617 726 657 διοί-

94 691 162 728 λεκτον
176 685 236 739 πόλιν
245 682 270 726 ’ἐκ
283 686 352 727 τούτου
365 688 512 740 μεταφρασθὲν
521 687 555 725 καὶ
564 687 677 725 ὲκτυτιωθὲν
687 684 726 732 ἐξε-

95 752 156 802 δόθη.
179 759 223 806 περὶ
237 755 257 792 δὲ
270 754 306 792 τοῦ
319 754 435 792 τυποῦσθαι
448 755 506 792 τοῦτο
521 756 547 797 είς
556 748 593 798 τῆν
601 750 676 791 ἑλλοίδα
685 767 726 806 φω-

94 819 136 867 νῆν,
150 820 170 866 ἐξ
182 813 206 866 ῆς
220 816 272 857 αὐτὰ
288 817 430 873 μετεφριίσθη,
445 817 480 857 οὐκ
493 817 531 857 οἶδ)
543 815 604 864 ὅπως,
617 814 631 864 ῆ
645 817 727 868 ἀμελείᾳ

41 934 43 936 ¹
94 887 133 924 τῶν
150 883 285 939 τυπογρόφων
297 883 311 932 ῆ
324 886 357 923 καὶ
375 884 477 937 ὀλιγωρία,
496 883 538 923 οὐδ1
554 881 604 929 όλως
621 885 679 934 μνεία
692 898 727 922 πε-

94 953 185 998 ποίηται’
203 949 254 989 ὅθεν
267 950 323 1001 ἡμεῖς
337 951 372 990 οίικ
386 948 467 1001 εόλογον
482 947 604 989 εἶναιτοῦτο
618 948 727 1002 διασκεψά-

95 1031 155 1067 μενοι,
169 1019 308 1067 ὲπιμελεῖσθαι
321 1020 356 1067 μὲν
369 1019 447 1068 μᾶλλον
459 1018 499 1054 τῶν
512 1015 533 1063 ἐξ
546 1015 607 1063 αὐτῆς
622 1018 729 1067 ἐκβληθέν-

96 1098 135 1122 των
149 1085 184 1130 τῆς
198 1083 216 1121 δ’
228 1082 387 1135 ολρχετυπωτίριις
401 1083 538 1137 ἀφροντίστως
551 1083 571 1131 γ’
583 1084 640 1133 ἔχειν,
657 1081 728 1132 ᾠήθη-

95 1163 131 1197 μεν
149 1150 189 1187 δεῖν
206 1146 266 1187 τοῦτό
279 1163 301 1199 γε
314 1152 350 1189 νῦν
367 1151 401 1188 καὶ
417 1150 515 1195 ἑλληνιστὶ
531 1150 630 1188 τνπωτίον
644 1149 662 1186 τ’
674 1147 728 1194 εἶναι,

96 1216 129 1253 καὶ
143 1216 176 1253 σοι’
189 1228 211 1264 γε
220 1218 380 1268 προσφωνητὲον,
394 1216 421 1264 τῷ
430 1210 506 1261 πολλὴν
518 1217 550 1253 ἐπὶ
559 1221 602 1260 ταῖς
611 1216 729 1266 ἱερολογίαις

97 1282 208 1329 ποιουμένῳ
222 1278 311 1328 σπουδὴν
327 1282 424 1325 παλαιαῖς
437 1296 458 1319 τε
471 1282 505 1319 καὶ
518 1283 580 1326 νέαις,
599 1282 632 1318 ἴνα
648 1283 730 1331 προσέτι

96 1347 130 1385 καὶ
143 1347 182 1384 τῶν
196 1344 329 1397 ἀρχαιοτέρων
337 1344 365 1396 μῆ
375 1344 463 1396 ἀμύητος
471 1341 500 1393 ῆς,
514 1343 566 1391 ὅπως
575 1347 610 1392 τῆς
619 1346 658 1383 τῶν
667 1347 730 1384 θείων

96 1409 149 1461 εἶχον
166 1410 258 1458 είδῆσεος.
289 1414 365 1451 ἐοίκασι
381 1409 420 1463 γιίρ
438 1417 482 1456 ταῖς
499 1411 550 1450 καθ’
565 1410 619 1461 ῆμιλς
636 1415 657 1449 ἐν
670 1412 730 1456 ἐνίοις

97 1475 193 1525 συνᾴδειν,
208 1476 233 1521 ὡς
247 1479 299 1516 ἔστιν
312 1481 333 1515 ἐν
346 1480 375 1527 τῷ
388 1475 472 1527 παρόντι
482 1478 558 1515 εἰδέναι.
581 1475 682 1529 πρόκειται
690 1475 729 1527 γὰρ

97 1545 125 1592 τῷ
140 1541 206 1596 Ἑρμῆ,
219 1543 351 1593 διαλεγομένῳ
365 1544 456 1582 ἐνταῦθα
469 1540 519 1592 πρὸς
531 1539 648 1590 Ἀσκληπιόν
661 1557 682 1580 τε
695 1539 730 1581 τόν

96 1605 194 1658 μαθητῆν
211 1610 245 1648 καὶ
261 1605 304 1647 Τολτ
321 1606 356 1648 τόν
373 1605 417 1648 νὶὀν
435 1608 505 1655 αὐτοῦ,
523 1612 584 1647 εἰπεῖν
600 1609 645 1660 περί
658 1610 731 1647 τετῶν

96 1675 160 1712 θείων
173 1675 207 1713 καί
221 1672 339 1727 ἀπορρήτων
352 1673 484 1726 πραγμάτων,
503 1671 552 1713 ὥστε
566 1671 602 1714 σὺν
615 1671 669 1728 πόση
681 1688 731 1725 προ-

98 1740 148 1792 σοχῇ
160 1741 194 1778 καὶ
208 1739 313 1793 ἀκραιφνεῖ
331 1742 411 1789 διανοίη,
428 1739 560 1779 διδάσκεσθαι
573 1737 645 1785 αὐτοὺς
658 1742 730 1779 ταῦτα·

99 1803 129 1843 διδ
143 1806 177 1842 καὶ
191 1803 269 1849 εἰκότως
287 1802 343 1855 οἶμαι
356 1802 391 1843 τόν
404 1804 538 1857 Ποιμόνδρην
554 1806 697 1856 προταχθῆναι
710 1809 731 1844 ὲν

98 1872 125 1919 τῷ
143 1868 230 1920 διαλόγῳ
244 1868 314 1920 τούτῳ,
331 1873 421 1909 τουτέστι
433 1867 469 1909 τόν
486 1872 545 1910 θεῖον
563 1872 596 1909 καὶ
613 1869 731 1921 ἡγεμονικόν

98 1938 146 1973 νοῦν
159 1937 195 1983 τῆς
207 1938 282 1989 φυχῆς,
299 1935 335 1975 τόν
348 1942 390 1983 τοῖς
403 1938 474 1976 ἑαυτοῦ
491 1935 585 1988 κινήμασι
597 1938 731 1987 ποιμαίνοντα

98 2002 133 2039 καί
146 2003 263 2053 θεωροῦντα
277 1999 302 2041 τό
316 1999 370 2049 όντα,
384 2000 408 2041 δν
421 2005 455 2042 καὶ
466 2003 601 2054 Ἀριστοτέλης
610 2001 685 2050 ἀπαθῆ
698 2006 732 2042 καὶ

99 2065 164 2104 ἀίδιον
178 2066 291 2119 ιίποφαίνει,
305 2068 339 2120 ἐφ’
350 2069 365 2117 ᾠ
375 2069 521 2119 τεκμαίρεσθαι
529 2069 594 2114 τοῦτο,
608 2065 639 2106 ότι
651 2066 733 2113 τοίιςτολ

98 2133 224 2180 θεογνωσίας
232 2134 365 2183 βουλομένους
374 2131 520 2184 ἀκροάσασθαι
533 2135 567 2172 καὶ
579 2135 656 2183 μαθεῖν
668 2133 732 2183 λόγια,
754 2161 759 2170 -,

99 2198 181 2236 δεῖσθαί
193 2212 247 2244 τινος
260 2201 339 2250 πρῶτον
353 2201 414 2244 θείας
427 2197 548 2252 ἐλλόμφεως,
561 2199 687 2250 ποδηγούσης
697 2199 732 2238 αιἰ-

99 2261 145 2307 τοίις
159 2266 186 2307 είς
198 2261 234 2311 τὴν
248 2263 321 2316 ἀκριβῆ
339 2266 416 2303 ἐκείνων
429 2264 552 2320 κατάληψιν·
571 2264 618 2317 ὅπερ
637 2266 672 2315 οὐχ
689 2263 733 2305 οἷόν

99 2342 120 2366 τε
134 2325 198 2373 ι’ίλλως
211 2333 376 2382 γενέσθαι,“πρὶν
389 2328 402 2379 ῆ
416 2331 623 2382 ἁποθέσθαιπιῖσαν
639 2329 732 2380 βιωτικῆν
