1591 2531
101 119 120 150 16
359 116 465 159 Ποιμάνάρης.
671 129 703 158 cap.
715 119 729 148 l.

99 223 136 248 σιν,
150 207 187 259 tyci
202 212 222 248 tt
236 207 376 260 εὐχαριστήσας
389 212 423 249 καὶ
437 207 545 259 εὐλογήσας
558 207 593 249 τὸν
602 211 678 258 πατέρα
691 211 730 248 τῶν

99 273 151 315 ὅλον
176 275 259 322 ἀνέστην
278 274 312 313 ὑπ’
334 274 398 315 αὑτοῦ
421 277 547 326 ὂνναμωθεὶς
571 278 604 315 καὶ
628 275 730 325 διδαχθεὶς

98 345 136 382 τοῦ
155 339 228 386 παντὸς
251 338 288 389 τὴν
309 340 369 394 φύσιν
390 345 423 382 καὶ
442 335 479 390 τὴν
498 344 593 392 μεγίστην
611 343 674 381 θέαν·
697 343 750 380 aeta

99 404 174 461 ἦργμαι
193 405 298 459 κηρύσσειν
320 413 362 453 τοῖς
386 405 502 460 ἀνθρώποις
525 405 548 445 τὸ
574 410 610 455 τῆς
631 407 730 458 εὐσεβείας

100 477 133 512 καὶ
157 471 179 513 τὸ
199 476 235 521 τῆς
256 473 345 524 γνώσεως
362 472 439 518 acidior.
460 468 485 511 Ὦ
501 475 560 520 λαοί,
584 470 654 525 ἀνδρες
673 489 731 523 γηγε-

99 545 147 586 νεῖς,
173 544 193 579 οἱ
212 543 267 595 μέθη
286 543 319 580 καὶ
339 537 393 589 ὕπνῳ
413 536 494 584 ἑαντοάς
514 537 641 583 ἐκδεδωκότος
658 540 692 577 καὶ
709 542 732 593 τῇ
743 549 752 579 6

86 648 92 657 q
100 604 190 657 ἀγνωσίη
199 609 235 646 τοῦ
243 610 299 653 θεοῦ,
308 605 395 659 νήματα
402 604 511 654 παύσασθε
519 606 732 656 κραιπαλῶντες,’θελ-

100 671 181 723 γόμενοε
194 671 248 721 ὕπνῳ
261 670 332 721 ἀλόγῳ.

62 736 87 776 28
144 737 167 776 Ot
184 740 204 776 tt
221 735 341 782 ἀκούσαντες
353 740 486 789 παρεγένοντο
504 736 644 789 ὁμοθυμαὸἀν.
661 736 697 788 ἐγώ
711 739 752 778 dit

80 796 158 856 sgerprr,
174 805 198 842 Τί
212 801 302 851 ἑαυτούς,
315 798 331 842 ὦ
345 800 414 857 ἀνδρες
428 811 519 855 γηγενεῖς,
533 808 560 851 εἰς
573 803 667 845 θοίνατον
680 806 732 844 ἐκδε-

100 867 174 908 texere
188 871 265 920 ἔχοντες
278 870 368 917 ἐξουσίαν
382 874 417 918 τῆς
430 871 547 917 ἀθανασίας
555 872 685 922 μεταλαβεῖν,·
698 885 733 921 με-

100 933 212 983 τανοήσατε
227 938 245 974 οἱ
255 934 406 982 σννοὸεάσαντες
415 938 439 991 τῇ
447 934 512 990 πλάνη
521 938 554 976 καὶ
564 934 733 988 σογνοενωνήσαν-
744 939 763 976 12

102 1016 133 1047 τες
146 1003 171 1056 τῇ
184 1001 265 1052 ἀγνοίᾳ,
282 1000 409 1053 ἀπαλλάγνγτε
422 1005 458 1043 τοῦ
472 1005 572 1043 σκοτεινοῦ
585 1001 660 1058 μεστός,
673 1018 733 1054 μετα-

102 1066 173 1118 λάβετε
186 1070 221 1115 τῆς
234 1067 352 1114 ἀθανασίας
364 1070 520 1121 ααταλείψαντες
533 1066 570 1116 τὴν
583 1067 673 1122 φθοράν,

61 1135 86 1174 29
140 1134 183 1172 Καὶ
197 1136 216 1172 οὶ
229 1135 264 1183 μὲν
282 1132 347 1173 αὐτῶν
363 1132 566 1188 καταφλναρήσαντες
583 1134 698 1182 ἀπέστησαν
710 1137 734 1188 τῇ
745 1145 765 1174 15

101 1201 138 1245 τοῦ
157 1198 251 1239 θανάτου
267 1199 307 1249 ὁδῷ
325 1197 406 1246 ἑαυτοὺς
421 1198 554 1248 ἐκδεδωκότος,
575 1204 594 1240 οὶ
613 1201 634 1239 δὲ
647 1200 734 1253 παρεποί-

103 1268 151 1305 λονν
165 1266 292 1316 διδαχθῆναι,
305 1263 387 1310 ἑαυτοὺς
399 1263 438 1317 πρὸ
451 1267 518 1304 ποδῶν
531 1281 570 1315 μου
583 1268 684 1318 ῥίψαντες,
698 1266 734 1317 lyei

104 1333 124 1370 tt
146 1328 260 1378 ἀναστήσας
274 1329 346 1376 αὐτοὺς
363 1328 480 1381 καθοδηγάς
499 1329 594 1381 ἐγενόμην
611 1333 647 1369 τοῦ
666 1335 735 1380 γένους
746 1342 766 1372 18

144 1465 161 1495 2.
172 1462 245 1505 ἀνέστην]
257 1462 324 1506 ἀνείθην
334 1465 353 1501 Β,
365 1462 430 1496 desider
442 1467 460 1497 Α.
506 1466 521 1496 5.
532 1465 552 1496 τὸ
563 1465 598 1506 τῆς]
609 1465 630 1495 sic
640 1466 688 1503 Patr,
704 1478 734 1497 orn.

146 1516 205 1556 reliqui.
217 1512 226 1555 ll
251 1516 314 1556 κάλλος]
326 1517 369 1551 κλέος
379 1517 426 1547 Turn.
470 1516 496 1547 12:
506 1515 565 1558 ntem]
577 1517 628 1559 σπάνη
641 1517 659 1548 Α,
672 1513 679 1557 ΙΙ
699 1529 736 1549 σασ-

147 1569 248 1601 retractaret
259 1566 298 1598 Patr.
343 1567 368 1597 14.
380 1570 485 1609 καταλείψετε
496 1567 535 1598 Patr.
578 1567 603 1598 18.
615 1568 685 1609 ἐγινόμην
696 1569 714 1599 Β.

104 1669 123 1702 ab
135 1681 154 1701 ee
165 1669 252 1702 roboratus
264 1673 280 1700 et
291 1668 359 1702 edoctus
370 1669 441 1702 universi
453 1675 524 1702 naturam
532 1674 548 1702 et
554 1670 639 1702 maximnm
649 1669 690 1702 illud
701 1682 737 1715 spe·

105 1719 191 1759 etaenlum;
205 1726 221 1752 et
235 1721 282 1765 coepi
292 1719 324 1752 alta
334 1731 375 1754 voce
389 1722 465 1754 nunciare
478 1720 569 1754 hominibus
579 1722 645 1766 pietatis
657 1727 673 1753 et
684 1722 737 1765 cogni-

105 1771 154 1802 tionis
166 1771 307 1814 pulchritudinem.
330 1772 345 1800 0
357 1771 418 1813 populi,
429 1774 461 1802 viti
471 1773 569 1813 terrigenae,
580 1774 607 1813 qui
618 1774 737 1816 vosmetipsos

106 1821 179 1854 ebrietati
191 1827 207 1853 et
218 1832 274 1852 somno
286 1819 372 1852 dedidistis
383 1824 400 1851 et
409 1820 506 1864 ignorationi
517 1819 551 1860 dei,
563 1820 614 1853 sobrii
625 1825 685 1860 estote,
697 1821 738 1853 desi-

105 1875 139 1906 nite
150 1872 233 1918 crapulari,
245 1871 300 1904 allecti
310 1882 367 1904 somno
378 1871 473 1904 irrationali.

137 1924 163 1957 llli
176 1937 214 1957 vero
231 1923 314 1956 audientes
331 1928 434 1956 accesserunt
446 1922 520 1956 libenter.
535 1928 573 1955 tune
586 1923 619 1955 aio:
634 1921 712 1963 Carnam,
728 1936 737 1956 ο

105 1977 136 2009 viri
147 1977 243 2020 terrigenae,
257 1981 320 2008 vosmet
334 1973 424 2007 tradidistis
436 1975 452 2006 in
463 1979 538 2013 mortem,
552 1973 630 2006 hahentes
640 1978 738 2019 potestatem

106 2026 230 2059 immortalitatis
246 2026 282 2058 ficri
298 2025 396 2070 participes?
412 2026 504 2070 resipiscite
520 2026 548 2069 qui
564 2036 600 2058 cnm
616 2036 671 2058 errore
688 2027 739 2060 inees-

106 2079 152 2111 sistis
166 2084 183 2110 et
196 2078 326 2109 communicastis
341 2088 376 2109 eum
390 2077 487 2120 ignorantia,
504 2072 582 2109 discedite
596 2077 702 2111 ateuebroso
716 2079 739 2111 ln-

106 2131 153 2169 mine‚
164 2126 289 2162 immortalitatis
300 2134 353 2160 estote
364 2128 457 2173 participes,
468 2128 538 2161 deserite
548 2129 672 2175 corruptionem.

139 2184 160 2213 nt
174 2192 228 2214 eorum
243 2178 292 2223 aliqui
306 2178 393 2212 illudentes
407 2178 525 2221 discesserunt,
544 2182 560 2214 in
575 2182 617 2215 riam
631 2182 688 2214 mortis
703 2193 739 2213 sese

107 2230 195 2274 tradentes,
206 2231 234 2265 alii
243 2243 283 2264 vero
295 2231 362 2264 orabant
373 2236 390 2263 ut
402 2230 515 2273 edocerentur,
526 2232 545 2266 ad
557 2232 607 2279 pedes
618 2244 663 2265 meos
674 2245 692 2265 se
703 2245 740 2279 pre-

109 2284 187 2316 iieientes.
203 2295 281 2329 egerere
293 2282 330 2316 illos
344 2294 410 2328 surgere
423 2284 488 2325 iubens,
503 2284 536 2318 dux
550 2285 617 2317 effeetus
631 2286 739 2329 sumgeneris

108 2334 181 2375 lrrrmani,
192 2336 261 2368 rationes
272 2331 332 2369 doeens
344 2335 412 2379 qualiter
423 2342 439 2370 et
450 2336 604 2382 quomode'serrari
615 2341 678 2380 queant
690 2342 740 2371 etse·
