1591 2531
262 136 336 166 Praelatio
347 137 422 168 Flussatis,
623 143 658 167 xlll

27 234 47 268 et
59 230 137 268 unicum
155 229 261 266 insectatur
278 240 363 279 scopum.
390 244 449 281 quum
463 233 527 267 autem
541 243 553 266 a
565 242 611 268 vero
625 243 658 269 ex-

27 296 80 345 cidit,
95 299 114 334 et
128 294 210 332 alienum
223 294 327 344 inquirens,
340 309 378 345 non
387 295 513 347 philosophus
522 300 543 333 at
552 294 657 348 φιλόδικος,

26 365 59 400 aut
77 360 167 411 equidem
185 359 291 414 φιλόδοξος
308 362 446 412 nuncupandus
464 368 499 402 cst.
527 362 618 412 quocirca
634 375 658 399 ne

25 427 100 478 proprii
113 427 196 466 instituti
209 428 301 479 fungendi
314 428 418 479 praecipuo
434 433 467 466 tuo
476 429 554 468 'homini
568 427 660 478 depereat

26 493 112 542 occasio,
129 494 288 545 praestantissimi
304 493 361 531 huius
377 493 423 532 boni
437 500 560 545 conceptum,
576 494 612 533 sub
625 494 660 532 Pi-

25 559 117 598 mandrae
134 561 228 599 vocabulo
244 560 368 599 illustrissimi
384 559 441 598 huius
454 560 494 597 Ter
510 561 588 598 maximi
604 560 658 598 Mer-

26 625 74 663 curii
88 640 147 677 opcra
160 626 295 665 denunciatum
309 626 396 665 exhibeo.
424 626 478 664 cuius
491 630 596 677 proventu,
614 639 659 663 can-

26 689 72 729 dide
85 690 188 744 θεόφοβε,
204 692 243 729 tria
258 691 306 729 haec
324 692 385 731 cuivis
401 692 476 730 animae
489 691 613 729 ratiocinanti
627 691 661 728 ad-

25 757 105 794 modum
122 757 217 808 elegantia
234 757 335 808 suscipies,
352 758 391 796 Dei
403 772 482 808 nempe,
500 758 540 806 sui,
558 770 581 794 ac
594 756 662 794 mundi

27 822 161 861 considerandi
175 823 261 873 copiam,
279 835 303 860 ac
315 822 385 860 horum
398 823 559 872 assequendorum
573 828 661 871 conatus,

26 888 93 926 subtili
106 888 259 938 breviloquentia
271 888 350 926 tradita.
373 901 423 938 quae
436 901 480 926 curn
493 888 625 937 antiquissima
637 901 660 926 ac

26 960 104 1005 praeter
119 955 230 992 chartarum
238 954 356 1005 praesidium
364 959 442 993 vetusta
451 955 495 1003 sint,
508 968 533 992 ne
544 955 561 992 si
569 954 661 1004 pleraque

26 1021 81 1058 varia
93 1021 114 1058 in
127 1021 278 1059 transcribendis
294 1021 434 1072 exemplaribus
450 1020 571 1072 pingentium
587 1019 663 1058 incuria

28 1093 63 1124 aut
75 1087 185 1137 ignorantia
196 1087 226 1125 rei
235 1087 318 1125 suborta
331 1088 375 1135 sint,
388 1087 469 1125 mireris.
490 1091 583 1136 quantum
596 1087 662 1136 itaque

28 1152 49 1189 in
61 1152 117 1190 nobis
134 1152 208 1200 extitit,
224 1152 357 1190 intemeratam
373 1157 461 1190 texturae
478 1153 608 1190 sinceritatem
625 1164 661 1189 nec

27 1217 90 1254 minus
104 1217 203 1265 tuendam,
217 1230 275 1266 quam
287 1222 310 1254 ut
323 1231 359 1267 par
372 1222 419 1266 erat,
433 1231 510 1256 sensum
518 1231 554 1267 pro
567 1217 662 1268 dignitate

27 1282 185 1333 investigandum
198 1282 312 1320 curavimus.
333 1288 451 1334 quapropter
464 1283 559 1321 dictiones
573 1287 607 1320 aut
618 1283 664 1333 par-

28 1348 108 1397 ticulas,
125 1361 172 1397 quas
187 1362 199 1386 a
211 1361 282 1399 graeco
300 1349 404 1399 exemplari
418 1349 443 1386 ad
460 1362 531 1386 annum
545 1348 600 1388 1554
611 1348 663 1387 edito

29 1403 157 1462 detra-ximus,
176 1413 201 1451 ad
217 1415 272 1451 orani
288 1413 361 1452 codicis
379 1416 481 1466 eregione
499 1414 624 1452 contulimus:
641 1419 663 1452 ut

28 1478 65 1516 tibi
73 1479 173 1517 varietatis
187 1491 246 1517 causa
254 1479 306 1517 nullo
319 1479 384 1517 taedio
398 1480 424 1517 sit
436 1480 500 1517 obvia
521 1479 591 1517 harum
599 1485 664 1517 autem

29 1543 134 1583 dictionum
152 1545 252 1584 nonnullas
270 1559 282 1583 a
298 1546 392 1596 pristinae
409 1545 498 1585 editionis
514 1545 578 1584 indice
596 1546 664 1597 selegi-

30 1623 83 1648 mus:
98 1624 145 1659 quas
159 1611 261 1661 aliquando
276 1625 287 1649 a
300 1616 377 1649 textura
391 1612 463 1650 deletas
477 1626 519 1650 esse
530 1612 665 1650 idemindicat

32 1675 100 1713 index:
115 1676 189 1726 aliquas
197 1691 250 1727 vero,
264 1677 327 1716 accito
336 1678 467 1716 consultorum
476 1691 560 1727 assensu,
573 1677 613 1716 non
622 1683 664 1715 tan-

31 1747 73 1780 tum
83 1756 203 1793 graecarum,
217 1744 252 1781 sed
261 1744 319 1782 etiam
327 1745 448 1782 orientalium
456 1745 565 1794 linguarum
579 1747 665 1794 (utpote

29 1806 112 1858 Josephi
126 1807 227 1859 Scaligeri,
239 1808 314 1846 iuvenis
326 1808 460 1858 illustrissimi,
473 1822 513 1847 non
525 1810 588 1848 minus
602 1809 665 1848 doctis

28 1873 99 1923 linguis
117 1873 196 1923 eruditi,
214 1887 272 1924 quam
289 1873 401 1913 conditione
417 1880 437 1913 et
452 1877 544 1926 prosapia
560 1876 663 1926 praeclari)

28 1951 94 1987 opera,
105 1952 214 1988 perpaucos
223 1940 321 1991 pingentis
331 1954 404 1978 errores
414 1941 517 1979 sarcientes
526 1941 665 1989 transtulimus,

31 2016 112 2053 quarum
125 2004 246 2055 loquutiones
260 2006 333 2058 passim
346 2020 358 2044 a
370 2006 436 2045 lat-inis
450 2006 527 2057 alienas,
542 2020 586 2046 cum
595 2007 664 2046 verbo-

30 2083 74 2107 rum
82 2070 155 2121 phrasi,
169 2077 211 2111 tum
220 2073 410 2125 hieroglyphicarum
419 2074 581 2126 significationum
588 2077 666 2112 vetusta

30 2135 139 2185 frequentia
156 2140 268 2190 comperies.
297 2145 318 2178 at
331 2140 421 2190 quoniam
438 2140 470 2178 hic
483 2140 578 2179 Mercurii
590 2138 666 2176 libellus

31 2201 174 2253 philosophiam
182 2205 256 2244 Divino
270 2207 374 2256 permiscet
388 2207 472 2255 oraculo,
485 2207 566 2255 utrique,
579 2204 666 2255 philoso-

2 2268 4 2270 ’
31 2268 89 2318 phiae
102 2282 170 2321 nempe
184 2275 203 2308 et
217 2270 283 2309 divino
293 2273 380 2312 ‚sermoni
394 2272 533 2321 denunciando,
547 2284 591 2309 cum
600 2284 667 2322 saepe-

32 2346 111 2374 numero
123 2336 184 2376 latina
196 2337 291 2377 vocabula
305 2337 377 2386 desint,
396 2338 420 2376 ab
436 2338 460 2377 iis
477 2339 511 2388 qui
523 2338 666 2390 philosophiam
