1591 2531
45 162 77 192 cap.
89 151 114 182 12.
282 150 325 190 Περὶ
336 147 364 179 νοῖι
374 151 432 181 κοινοῦ.
646 147 678 178 lll

44 244 73 294 τῷ
85 243 131 293 θεῷ
143 238 311 285 συνουσιαστικάς.
329 240 391 292 τούτῳ
400 239 439 294 γάρ
452 239 507 293 μόνῳ
516 241 545 289 τῷ
558 237 599 290 {cip
609 237 680 285 ὁθεὸς

46 309 115 361 ὁμιλεῖ,
128 306 198 353 νυκτὸς
211 309 247 358 μὲν
261 307 287 345 δι’
300 305 386 359 ὀνείρων,
398 307 474 360 ἡμέρας
487 308 508 346 δὲ
521 303 555 345 διά
564 303 678 356 συμβόλων·

25 376 79 414 aaut
92 370 126 413 διά
138 371 219 413 πάντων
233 372 286 424 αὐτῷ
299 374 390 426 προλέγει
402 372 549 424 τάμέλλοντοι,
558 369 592 411 διά
601 371 680 423 ὀρνέων,

45 436 79 478 tad
93 438 215 492 σπλάγχνων,
229 437 262 480 διά
275 438 393 492 πνεύματος,
407 437 439 478 διά
453 439 520 491 δρυός·
535 437 566 478 διὸ
575 440 610 477 καὶ
619 441 680 487 ἐπειγ-

44 508 133 558 γὲλλεται
146 506 157 546 ὁ
172 504 281 559 ἅνθρωπος
299 507 423 547 ἐπίστασθον
436 502 462 543 τά
474 508 633 557 προγεγενημένα
645 504 681 543 καὶ

25 581 34 611 6
46 575 143 613 ἐνεστῶτα
157 576 191 613 καὶ
207 576 312 625 μέλλοντα.
339 573 417 613 κάκεῖνο
432 573 453 611 δὲ
467 569 513 623 ὅρα,
527 568 542 609 ὦ
555 576 633 618 τέκνον,
650 569 681 610 ὅτι
695 570 721 610 20

46 644 130 679 ἕκαστον
142 641 182 679 τῶν
196 637 261 679 άλλων
275 639 350 688 ζάωνε
351 643 371 680 νὶ
384 642 438 693 μέρει
451 638 590 690 ἐπιφοιτᾶτοῦ
599 636 679 687 κόσμου,

45 704 71 745 τά
84 708 120 756 μὲν
134 708 205 758 ἔνυδροι
213 721 241 756 τῳ
232 704 320 753 άὸοτν,
325 722 351 745 τά
345 703 381 745 δὲ
392 709 478 782 γερσμῖά
490 707 514 759 τῇ
527 707 557 758 γῆ,
546 718 596 751 γτει
591 702 627 741 δὲ
636 717 680 753 μετ

25 770 122 825 θάρσιιι
121 786 148 822 τῳ
161 770 215 823 άερι
233 772 244 811 ὁ
258 773 286 811 δὲ
292 769 402 824 άνῦρωπος
414 769 492 816 τούτοις
504 773 554 809 πᾶσι
565 772 644 821 χρῆται,
657 782 681 821 γη

45 835 132 877 aidan
121 840 164 889 οιὲρι
181 840 237 889 πυρί·
255 836 294 890 ὁρᾷ
311 839 332 876 δὲ
348 840 383 876 καὶ
400 836 495 890 οὐρανόν,
512 834 596 875 ἅπτεται
612 834 681 874 δὲκαὶ

45 902 117 943 τούτου
136 901 236 951 αἰσθήσει.
269 903 279 942 ὁ
298 905 319 942 δὲ
333 902 384 949 θεὸς
400 905 435 942 καὶ
450 904 496 955 περὶ
511 899 578 940 πάντα
595 903 630 940 καὶ
647 896 681 939 διά

16 977 35 1007 12
45 968 135 1009 πάντων·
149 972 236 1023 ἐνέργεια
248 968 288 1022 γάρ
302 973 343 1009 ἐστι
356 971 390 1009 καὶ
404 966 492 1020 δύναμις,
505 968 539 1007 καὶ
547 966 605 1006 οὐδὲν
613 964 680 1005 δύσκο-

46 1034 82 1075 λόν
96 1040 138 1075 ἐστι
150 1038 224 1084 νοῆσαι
236 1033 272 1076 τὸν
286 1034 343 1084 θεόν,
357 1032 373 1074 ὦ
385 1038 460 1075 τέκνον.
479 1037 495 1073 εὶ
509 1035 530 1073 δὲ
543 1034 610 1078 θέλεις
619 1029 681 1071 αὐτὸν
694 1023 718 1065 21

46 1103 81 1140 καὶ
93 1104 206 1153 θεωρῆσαι,
223 1103 252 1141 ἰδὲ
265 1100 301 1149 τὴν
314 1100 371 1149 τάξιν
387 1105 424 1141 τοῦ
439 1099 515 1151 κόσμον
528 1101 563 1138 καὶ
576 1097 613 1146 τὴν
626 1098 682 1138 εἰνο-

16 1176 35 1205 15
47 1169 108 1217 aptae
121 1171 157 1214 τῆς
170 1166 248 1214 τάξεως,
262 1169 290 1206 ἰδὲ
303 1165 340 1214 τὴν
353 1166 442 1217 ἀνάγκην
455 1169 495 1205 τῶν
508 1168 634 1218 φαινομένων
647 1165 682 1203 καὶ

45 1230 83 1279 την
96 1230 194 1283 πρόνοιαν
209 1234 249 1272 τῶν
265 1230 377 1281 γεγονότων
389 1247 410 1271 τε
423 1233 457 1271 καὶ
470 1233 586 1282 γινομένων,
603 1231 632 1270 td}
644 1227 681 1277 τὴν

46 1295 96 1344 ὕλην
108 1294 246 1350 πληρεστάτην
260 1293 322 1337 οὖσαν
336 1298 393 1345 ζωῆς,
410 1295 446 1337 τὸν
459 1298 574 1343 τηλικοῦτον
588 1294 639 1334 θεὸν
653 1310 682 1333 κι-

90 1455 105 1484 5.
116 1456 209 1494 γεγενημένοι
220 1455 233 1484 Α
244 1454 284 1485 Patr.
314 1455 328 1486 7.
341 1452 391 1486 ἄλλων
402 1466 432 1485 orn.
444 1454 471 1484 ΑΒ
483 1454 531 1484 Turn.
542 1454 592 1484 Fluss.
621 1452 637 1483 S.
647 1460 682 1493 post

90 1506 117 1545 μὲν
129 1507 142 1534 Α
150 1505 184 1535 add.
195 1504 232 1547 γάρ.
266 1505 291 1536 12.
303 1507 330 1537 καὶ
341 1514 374 1536 ante
385 1502 450 1546 δύναμις
461 1517 491 1535 om.
503 1505 550 1535 Turn,
562 1501 571 1544 H
593 1500 627 1545 post
638 1500 682 1534 οὐδὲν

90 1555 118 1585 AB
130 1555 164 1585 add.
176 1556 196 1586 δὲ.
240 1555 266 1586 14.
278 1556 303 1588 15.
315 1558 337 1589 ἰδὲ
348 1557 378 1598 τὴν
388 1571 409 1578 -
420 1555 480 1591 τάξεως
491 1568 521 1586 eru.
532 1556 572 1587 Patr.
615 1554 641 1585 16.
651 1553 681 1584 τῶν

90 1618 120 1636 om.
133 1606 165 1637 AB.
487 1625 490 1629 .

48 1759 86 1792 tem,
98 1754 169 1785 omnium
176 1764 215 1786 vero
223 1755 291 1787 maxime
301 1753 356 1793 homo,
368 1755 396 1798 qui
407 1759 423 1786 et
434 1753 481 1786 deum
490 1754 560 1798 suscipit
568 1759 584 1785 et
595 1753 621 1786 dei
628 1765 683 1786 essen-

48 1806 80 1837 tiae
91 1815 159 1837 consors
170 1809 201 1836 est.
223 1803 258 1837 cum
271 1804 303 1837 hoe
317 1805 360 1837 enim
373 1803 410 1836 sole
421 1803 485 1837 animali
498 1804 538 1837 deus
550 1803 683 1837 consuetudinem

48 1855 105 1895 habet,
116 1860 166 1888 noctu
176 1866 206 1901 per
217 1856 287 1895 somnia,
301 1854 372 1888 interdiu
382 1867 413 1901 per
423 1854 504 1899 symbola5
517 1861 534 1887 et
543 1867 574 1901 per
587 1856 639 1887 emnia
649 1855 682 1900 ipsi

47 1906 128 1952 praedicit
140 1907 201 1946 futura,
214 1919 245 1951 per
255 1919 302 1946 aves,
312 1919 343 1953 per
353 1912 397 1946 exta,
411 1907 534 1951 perspiritum,
551 1918 580 1952 per
598 1918 682 1951 quercum

48 1957 85 1990 ideo
98 1957 185 2001 profitetur
197 1956 246 1989 hume
260 1959 303 1990 scire
315 1959 402 2003 praeterita
414 1964 430 1990 et
440 1959 532 2002 praesentia
545 1963 562 1990 et
571 1957 630 1990 sutura.
650 1957 682 2005 sed

48 2014 66 2041 et
75 2006 117 2041 illud
126 2007 172 2048 vide,
184 2021 193 2041 ο
204 2007 236 2049 fili,
249 2008 292 2053 quod
303 2008 428 2054 unumquodque
438 2008 507 2042 aliorum
517 2008 608 2042 animalium
619 2010 681 2042 unicam

48 2059 104 2093 muudi
110 2065 172 2105 partem
179 2059 241 2100 incolit,
252 2060 328 2105 aquatilia
335 2072 397 2105 aquam,
408 2061 492 2093 terrestria
499 2067 562 2102 terram,
570 2060 644 2094 sublimia
655 2063 682 2091 ae-

48 2123 94 2151 rem3¹
102 2111 150 2144 home
161 2123 201 2145 vere
212 2111 238 2145 his
249 2112 324 2146 omnihus
338 2113 396 2153 utitur,
410 2124 452 2158 aqua
463 2118 508 2146 terra
521 2117 558 2146 aere
571 2114 614 2157 igne;
630 2111 682 2145 ceruit

49 2164 96 2196 etiam
107 2163 168 2196 caelum
179 2169 196 2195 et
206 2175 255 2196 sensu
265 2165 321 2208 tangit.
340 2163 380 2198 dcus
390 2176 430 2197 vero
441 2165 484 2197 circa
495 2166 547 2197 omnia
558 2169 575 2196 et
584 2175 614 2208 per
621 2163 682 2204 emnia3

49 2215 90 2248 actio
102 2215 144 2248 enim
155 2219 180 2247 est
191 2220 208 2247 et
218 2212 299 2260 petentia,
312 2228 364 2260 neque
378 2215 445 2248 difficile
459 2221 484 2249 est
497 2214 587 2260 intelligere
601 2214 657 2254 deum,
671 2226 681 2246 ο

48 2267 78 2300 fili.
99 2268 149 2300 siris
161 2266 208 2299 etiam
218 2267 272 2312 ipsum
283 2266 395 2312 contemplari,
409 2268 463 2312 aspice
477 2267 549 2313 ordinem
562 2265 618 2299 mundi
629 2272 646 2300 et
657 2278 682 2299 or·

48 2318 91 2350 dinis
102 2318 232 2357 concinnitatem,
245 2319 359 2351 necessitatem
372 2330 433 2358 eorum,
446 2330 486 2362 quae
497 2323 583 2363 apparent,
597 2324 614 2351 et
626 2319 682 2363 provi-

48 2368 118 2402 dentiam
129 2381 242 2414 eorumquae
252 2368 292 2403 tacta
304 2374 342 2403 sunt
352 2375 373 2402 et·
380 2381 421 2414 quae
431 2369 477 2410 fiunt,
489 2371 544 2415 aspice
554 2371 637 2403 materiam
646 2368 680 2414 ple-
