1591 2531
129 122 150 152 14
390 119 496 165 Ποιμανὸρης.
702 135 733 165 cap.
747 124 760 154 Ι.

129 212 240 265 ἀκορεστως
257 214 282 260 ὡς
299 218 320 253 ἐν
337 215 469 266 σκοτομαχία·
487 216 524 254 καὶ
538 213 588 255 οὕτω
602 215 713 266 βασανίζει,
727 219 761 255 καὶ

129 279 160 318 εντ’
172 279 244 327 αὐτοὺς
256 282 294 333 ττῦρ
308 281 339 319 ἐντὶ
353 282 421 320 πλεῖον
435 281 520 330 αὐξάνει.

87 346 115 386 24
167 341 197 386 Et
216 362 240 399 με
260 344 334 394 πάντα,
355 349 415 400 ἐ’φην,
435 347 460 393 ὡς
480 348 600 400 ἐβουλόμην,
624 347 724 396 ἐδίδαξας,
745 343 780 387 uit

130 415 181 458 ναῦς,
198 416 226 452 ἔτι
244 414 264 452 δέ
281 429 317 463 μοι
330 416 370 453 clud
386 416 430 467 περὶ
448 417 483 463 τῆς
503 412 577 454 ἀνόδου
596 418 632 462 τῆς
651 418 760 467 γινομένης.

129 476 186 531 Πρὸς
203 481 267 519 ταῦτα
286 480 297 521 ὁ
316 481 447 533 Παιμάνδρης
467 479 515 529 εἶπε,
536 483 623 534 Πρῶτον
643 483 679 531 μὲν
700 485 721 523 ἐν
737 485 761 536 τῇ

129 543 223 585 averterat
236 550 272 586 τοῦ
286 547 376 598 σώματος
389 550 425 587 τοῦ
437 546 505 586 alicacia
520 548 657 599 παραδίδωσιν
675 547 723 587 αὐτὸ
737 546 781 587 τὸθ

129 613 187 662 σῶμα
201 618 228 659 εὶς
242 614 355 660 ἀλλοίωσιν,
368 616 402 652 ναὶ
415 612 438 651 τὸ
452 614 509 661 εἶδος,
523 611 534 652 t‘i
549 611 605 665 εἷγες,
619 614 695 668 α’φανὲς
708 616 760 664 γίνε-

129 694 167 717 ται.
185 683 218 719 καὶ
235 679 258 719 τὸ
276 676 329 727 ἦθος
346 682 373 729 τῷ
391 680 471 730 δαίμονι
489 680 618 733 ιἰνενέργητον
631 681 760 732 παραδίδωσι,

129 746 163 783 καὶ
180 748 201 783 αἱ
220 744 325 794 αἰσθήσεις
346 750 382 785 τοῦ
399 745 490 797 σώματος
508 751 534 793 εὶς
551 745 586 793 τας
603 750 678 787 ἑαυτῶν
695 744 781 797 ιεηγόιςθ

128 813 268 863 ἐπανέρχονται
281 816 331 863 με’ρη
344 811 451 864 γινόμεναι,
464 816 497 852 καὶ
506 811 566 852 πάλιν
580 811 720 863 συνιστάμεναι
734 817 764 858 alc

126 874 163 922 τας
176 880 280 930 ἐνεργείας.
294 881 328 919 ναὶ
342 878 353 918 ὁ
367 876 433 930 θυμὸς
446 883 479 920 καὶ
493 879 505 928 ἡ
520 881 618 930 ἐπιθυμία
627 883 653 933 εἰς
662 876 699 926 τὴν
712 876 760 918 ἅλο-

87 941 113 979 25
128 959 164 993 γον
178 944 238 997 φύσιν
253 951 317 999 χωρεῖ.
335 948 369 985 καὶ
386 943 448 991 οὕτως
465 946 519 999 ὁρμᾷ
535 943 606 985 λοιπὸν
623 942 664 985 α’νοι
678 942 711 984 tut
724 947 760 993 τῆς
771 954 791 984 12

128 1010 230 1061 ἁρμονίας,
243 1014 277 1051 καὶ
290 1014 313 1067 τῇ
326 1010 391 1067 πρώτη
405 1011 454 1067 ζώνη
467 1014 535 1052 δίδωσι
544 1011 581 1061 τὴν
590 1009 695 1060 αὐξητικὴν
707 1015 760 1063 ἐνέρ-

127 1091 184 1126 γειαν
200 1080 234 1117 καὶ
251 1075 288 1125 τὴν
303 1077 416 1129 μειωτικήν,
433 1082 466 1118 καὶ
483 1081 506 1133 τῇ
523 1080 604 1131 δευτέρα
620 1076 656 1126 τὴν
668 1077 761 1129 μηχανὴν

126 1146 165 1181 τῶν
178 1146 253 1190 κακῶν,
262 1147 296 1183 καὶ
309 1141 344 1183 τὸν
359 1143 418 1202 fiditur
432 1144 567 1196 ανενεργητον,
581 1145 615 1182 καὶ
623 1145 647 1198 τῇ
656 1146 710 1197 τρίτῃ
723 1141 760 1191 τὴν
772 1156 791 1184 15

127 1208 272 1259 ὲντιθυμητικην
283 1209 362 1258 ιἰιτοίτην
373 1211 508 1262 ιινενὲργητον,
519 1213 582 1264 nutet}
592 1209 674 1264 τετάρτη
681 1207 717 1257 τὴν
724 1209 760 1262 ἀρ-

171 1329 184 1357 l.
197 1327 216 1364 nir
227 1331 242 1359 ἓν
257 1328 364 1370 σκοτομαγίᾳ]
379 1328 484 1370 οτοτομαχῶν
498 1329 512 1358 A
526 1328 573 1359 Turn.
588 1328 628 1359 Patr.
642 1326 651 1369 Η
677 1327 725 1367 οὕτω]
739 1329 760 1358 sic

170 1390 214 1417 marg.
222 1379 241 1417 Β,
252 1378 311 1410 τοῦτον
322 1381 336 1409 Α
347 1380 394 1410 Turn.
407 1379 451 1415 Patr„
463 1377 531 1414 τούτους
541 1380 590 1409 Fluss.
602 1375 610 1419 ΙΙ
635 1388 669 1409 anre
679 1380 761 1418 βασανίζει

169 1431 217 1461 Turn.
225 1439 240 1460 ct
246 1430 295 1461 Fluss.
303 1431 360 1461 addunt
367 1428 441 1471 ἀφανίζει
449 1432 476 1461 καὶ
483 1432 509 1461 lati
518 1431 571 1461 πλέον.
585 1430 601 1461 2.
609 1427 675 1468 αὐτοὺς]
683 1430 704 1459 sic
710 1430 759 1460 Fluss.

168 1478 218 1512 αὐτόν
229 1481 288 1521 reliqui.
326 1481 341 1511 3.
353 1481 379 1522 με]
390 1494 418 1522 μοι
428 1481 456 1510 AB
468 1482 515 1512 Turn.
526 1481 567 1514 Patr.
578 1478 587 1523 ΙΙ
610 1481 653 1521 ἔφην]
668 1481 689 1511 sic
699 1481 717 1518 Β,
729 1494 759 1512 orn.

168 1531 228 1573 reliqui.
271 1531 286 1561 4.
298 1533 334 1573 περὶ
344 1544 375 1563 om.
386 1534 400 1562 A
410 1532 451 1562 Patr.
488 1533 503 1562 5,
515 1531 560 1574 πρὸς]
572 1531 614 1573 μετὰ
625 1533 665 1563 Patr.
700 1532 715 1563 6,
727 1544 760 1564 πα-

123 1587 126 1592 “
169 1584 236 1625 ραδίδως
246 1583 266 1612 Β.
302 1584 316 1613 7.
328 1578 374 1621 εἶχες]
386 1578 426 1622 εἶχεν
436 1583 476 1614 Patr.
510 1582 525 1613 9.
537 1586 555 1614 αἱ
566 1595 596 1613 om.
608 1583 647 1614 Patr.
687 1583 711 1614 10.
722 1595 760 1614 συι-

168 1634 273 1675 ανιατοὶμεναι
285 1633 343 1672 Vergic.
354 1634 403 1664 Flnss.
448 1634 473 1664 12.
484 1634 512 1664 καὶ
522 1645 552 1665 om.
564 1635 612 1664 Turn.
651 1634 676 1664 15.
688 1632 759 1672 καὶτὸν]

168 1685 188 1715 sic
199 1685 245 1722 Pacu,
256 1697 286 1716 om.
298 1684 357 1725 reliqui.
401 1684 426 1715 16.
438 1682 502 1725 ἀπάτην
513 1696 544 1716 om.
555 1686 595 1717 Patr.

126 1775 187 1806 derium
201 1786 256 1807 eornm
270 1774 395 1806 insaturabiliter
409 1775 469 1813 elevet,
483 1776 533 1805 voluti
543 1778 560 1806 in
572 1776 643 1809 tenebris
654 1788 732 1822 pugnans.
744 1782 760 1808 ct

124 1827 146 1857 ita
158 1826 224 1866 cruciat,
236 1825 279 1857 etin
291 1835 319 1856 eos
330 1825 383 1867 ignem
394 1825 441 1856 etiam
452 1830 501 1868 atque
512 1825 560 1856 etiam
571 1824 643 1867 adauget.

157 1876 224 1922 Optime
232 1880 293 1915 cuncta,
305 1876 374 1919 inquam,
386 1880 404 1907 nt
414 1875 463 1915 volni,
474 1887 499 1907 me
507 1874 582 1914 docuisti,
594 1886 664 1914 curcum
676 1873 760 1907 sedetiam

126 1927 152 1960 dic
163 1927 203 1959 mihi
214 1927 235 1960 dc
248 1926 322 1959 faciendo
336 1938 409 1959 ascensu.
423 1926 465 1959 dixit
477 1924 583 1962 Poemauder:
598 1924 653 1959 Primo
668 1925 733 1971 quidem
743 1928 760 1959 in

125 1978 225 2010 resolutione
236 1980 309 2022 corporis
320 1977 408 2010 materialis
419 1977 469 2010 tradit
480 1989 539 2022 corpus
551 1979 604 2022 ipsum
615 1978 632 2010 in
642 1976 759 2017 alterationem,

124 2035 141 2061 et
152 2029 202 2061 forma
210 2041 257 2073 quam
264 2029 340 2068 habuisti,
351 2028 370 2060 lit
377 2028 469 2061 invisibilis.
481 2034 497 2060 et
507 2040 568 2060 morem
579 2027 651 2060 daemoni
661 2027 761 2061 inefficacem

124 2079 182 2119 tradit,
198 2086 214 2112 et
228 2092 286 2112 sensns
300 2080 373 2123 corporis
388 2081 405 2112 in
419 2091 458 2112 suos
471 2080 525 2112 fontes
536 2078 604 2112 redeunt
614 2085 669 2124 partes
684 2079 730 2120 lacti,
744 2085 761 2111 et

124 2143 180 2163 rursus
192 2130 287 2163 reficiuntur
298 2132 314 2162 iu
326 2131 402 2163 actiones.
418 2136 434 2162 et
445 2130 527 2162 iracundia
541 2137 557 2163 ct
571 2132 701 2176 concupiscentia
712 2133 729 2168 in
740 2132 760 2162 ir·

125 2182 218 2215 rationalem
233 2187 305 2214 naturam
316 2181 354 2213 abit.
369 2187 416 2225 atque
430 2182 451 2213 ita
466 2181 536 2226 deniqne
549 2183 625 2227 impetum
640 2184 683 2227 capit
696 2193 760 2214 sursum

125 2244 155 2277 per
169 2233 275 2272 harmoniam,
292 2238 308 2265 et
321 2233 383 2277 primae
396 2244 446 2264 zonae
460 2233 487 2265 dat
501 2235 641 2277 angmentatrirem
654 2234 733 2265 actionem
744 2239 761 2265 et

126 2295 168 2321 carn,
179 2295 219 2327 quae
230 2291 255 2317 est
266 2284 374 2324 decrementi,
385 2290 401 2316 et
412 2284 492 2317 secundae
502 2284 636 2318 machinationem
647 2282 732 2323 malornm,
744 2290 760 2317 et

125 2333 180 2367 dolum
193 2335 299 2377 inefficacem,
316 2341 332 2369 et
345 2338 402 2370 tertiae
420 2335 563 2382 concupiscibilem
579 2335 691 2381 deceptionem
701 2335 760 2373 itidem
