1591 2531
106 718 124 760 E
133 717 268 776 praefatione
277 714 378 758 editionis
389 713 531 760 Petricieuae
546 716 664 772 Ferrariue,
676 718 737 762 1591.

146 973 150 981 .
159 973 163 981 .
172 973 188 981 ..
217 942 268 982 Seue
281 944 395 981 universalia
403 944 499 995 principie
510 945 593 984 Hermes
602 945 736 983 Termcximus

105 1011 207 1060 descripsit
216 1009 290 1048 duabus
298 1010 416 1048 voluminum
425 1010 550 1061 myriadibus,
560 1012 640 1050 authore
648 1010 735 1050 Seleuco.

104 1076 138 1115 sed
152 1076 213 1114 tribus
226 1075 345 1126 myriadibus
359 1088 431 1124 sexque
444 1076 558 1115 chiliadibus
572 1077 629 1115 simul
643 1076 735 1126 quingen·
762 1126 764 1128 ‚

102 1143 127 1180 tis
142 1147 199 1191 atque
209 1141 292 1190 quinque
301 1140 408 1192 vigintique
416 1141 476 1190 libris,
490 1142 549 1180 refert
557 1141 669 1190 Manethus,
682 1141 735 1180 Mer-

103 1209 176 1246 curium
190 1212 260 1245 cuncta
273 1207 394 1257 complexum
408 1206 433 1244 ad
445 1220 529 1259 unguem
543 1208 655 1246 ostendisse.
732 1196 735 1198 ’

142 1274 174 1311 Dc
187 1277 241 1311 tanto
255 1285 301 1310 vero
314 1285 393 1310 numero
411 1272 447 1310 soli
463 1277 565 1322 supersunt
578 1287 602 1311 ex
615 1273 679 1312 Fioini
693 1287 735 1312 sen-

102 1340 163 1378 tentia
181 1339 228 1387 duo,
250 1336 371 1376 Poemander
387 1350 457 1388 graece
474 1342 493 1376 et
510 1338 613 1389 Asclepius
633 1339 692 1376 latine
710 1339 734 1377 ab

101 1404 185 1455 Apuleio
202 1403 276 1441 iamdiu
292 1415 365 1441 versus.
393 1401 445 1452 quod
462 1408 481 1441 et
497 1402 601 1455 Vergicius
619 1408 639 1441 et
655 1404 735 1443 Flussas

101 1470 197 1509 Oandella
210 1474 315 1518 senserunt,
329 1470 362 1519 qui
375 1482 466 1520 graecum
478 1469 532 1508 illum
544 1470 631 1521 imprimi
637 1476 733 1509 curarunt.
780 1492 784 1498 ν

102 1536 136 1575 sed
153 1541 220 1573 nostra
237 1535 332 1573 sententia
344 1534 464 1573 Poemender
477 1535 509 1572 illc
518 1549 534 1573 ,a
546 1535 615 1573 Ficino
629 1536 649 1572 in
664 1536 689 1574 14
703 1548 734 1573 oa-

100 1603 143 1654 pite
156 1601 250 1640 dissectus
264 1615 302 1639 non
315 1614 364 1639 unus
377 1600 426 1639 liber
440 1606 475 1650 est,
489 1601 524 1639 sed
536 1600 618 1639 totidem
631 1601 691 1640 libelli
699 1615 734 1653 per

99 1683 128 1717 se,
142 1684 154 1708 a
162 1667 284 1707 Poemandro
298 1668 388 1717 separati,
403 1668 434 1705 cni
447 1668 499 1706 solus
511 1668 585 1718 primus
594 1668 680 1707 debetur.
703 1682 733 1706 re·

100 1735 148 1783 liqui
166 1747 209 1771 cum
223 1734 294 1771 nullam
307 1732 423 1771 Poemandri
440 1734 556 1771 mentionem
572 1734 645 1771 faciant
658 1746 694 1771 nec
708 1734 732 1771 ab

100 1814 123 1839 co
137 1799 234 1851 pendeant
247 1803 281 1836 aut
298 1798 364 1836 ordine
382 1797 495 1849 dogmatum
508 1802 542 1836 aut
556 1798 675 1837 connexiOne
685 1799 732 1847 ulla,

99 1865 217 1905 Poemondri
229 1870 294 1916 partes
308 1864 347 1904 dici
360 1877 399 1903 non
415 1868 501 1915 possunt.
529 1877 570 1903 esse
584 1869 648 1902 eutem
662 1877 694 1903 eos
708 1864 732 1902 ab

100 1933 132 1970 illo
150 1931 245 1981 diversos,
263 1937 283 1970 et
296 1944 345 1981 quae
361 1929 419 1969 modo
438 1929 521 1969 diximus
534 1934 554 1969 et
566 1944 660 1982 personne
678 1930 732 1980 eliae,

99 1999 161 2037 Tetus
176 2003 195 2035 et
207 1999 317 2049 Asclepius,
331 2003 350 2036 et
363 1997 415 2036 tituli
428 1996 452 2035 ab
465 1996 505 2045 illo,
519 1996 552 2035 elii
566 1994 632 2035 clavis
645 1995 732 2035 Crateris

100 2070 119 2103 et
132 2064 201 2114 reliqui
214 2063 268 2103 libris
282 2063 357 2112 addito,
374 2064 421 2102 sotis
439 2063 511 2101 clerum
524 2062 604 2100 faciunt.
627 2059 666 2101 sed
679 2068 733 2101 extet

100 2136 120 2169 et
133 2132 181 2170 alius
195 2130 252 2169 titulo
266 2130 317 2169 sacri
328 2129 384 2179 libri,
402 2143 460 2180 quem
473 2142 508 2167 nos
521 2129 542 2188 in
553 2127 619 2180 Cypro
632 2129 653 2167 in
666 2143 732 2169 mona-

99 2197 157 2235 sterio
171 2198 202 2236 cui
215 2210 285 2236 nomen
294 2196 391 2235 Enclistra
405 2196 462 2234 simul
475 2208 519 2234 cum
526 2195 605 2246 reliquis
617 2196 731 2244 invenimus,

100 2268 120 2301 et
129 2276 186 2313 quem
194 2264 247 2303 loen.
256 2263 352 2304 Stoboeus
360 2261 440 2314 Eclogis
449 2262 488 2301 suis
496 2262 583 2315 physicis
591 2262 677 2310 inseruit,
687 2274 731 2300 cum

98 2329 211 2381 fragmentis
225 2331 266 2370 aliis
280 2336 300 2370 et
313 2329 382 2370 libellis
396 2329 454 2374 etiam
467 2343 506 2368 non
518 2328 596 2380 pericle,
613 2328 684 2379 partim
698 2341 731 2367 ex-
