1591 2531
110 136 120 163 2
373 129 480 172 Ποιμάνδρης.
687 140 719 169 cap.
733 128 746 157 l.

83 227 141 272 Quat
154 225 237 275 γνῶναι;
255 225 308 274 Φημὶ
324 220 366 272 ἐγώ,
381 220 414 262 Ei
430 219 468 274 γάρ
484 223 513 268 τίς
526 220 553 272 εἶ,-
567 216 616 272 Ἐγά
625 222 666 270 μέν,
681 221 747 272 φησίν,

110 294 149 342 εἰμὶ
167 290 177 330 ὁ
195 287 622 341 Ποαιάνδρης,,μοωτήςαιήδειείαςῃνοιλςὲ,·
638 286 682 327 οἶδα
700 283 747 326 <tto

82 357 94 397 3
109 356 177 408 βούλει
190 359 223 397 καὶ
241 345 318 408 σε’νειμέ
337 369 369 396 σοι
386 355 495 405 πανταχοῦ.
526 355 582 405 Φημὶ
596 352 643 405 ἐγώ,
661 355 766 393 Maerens

112 427 165 464 θέλω
179 421 204 462 τά
218 420 272 469 ὄντα,
286 424 319 461 καὶ
332 424 407 471 νοῆσαι
415 420 451 469 τήν
465 419 540 459 τούτων
551 419 617 474 φύσιν,
631 422 664 460 καὶ
673 423 747 470 γνῶναι

111 488 145 530 τὸν
159 487 216 529 θεόν.
235 489 298 536 τοῦτ’,
317 490 375 541 ἔφην,
394 486 479 526 ἀκοῦσαι
492 483 599 537 βούλομαι.
620 487 685 534 Φησὶν
703 488 747 537 ἐμοὶ

109 555 174 604 πάλιν,
185 553 229 606 Ἔχε
243 558 271 604 νῷ
286 557 314 605 σῷ
328 552 366 593 ὅσα
381 555 447 598 θέλεις
460 555 542 603 μαθεῖν,
556 550 610 603 κάγώ
624 566 645 592 σε
655 551 733 600 διδάξει.
758 559 766 588 6

81 623 94 661 4
147 623 211 661 Τοῦτο
222 619 280 661 εὶπιδν
287 619 363 670 ἠλλάγη
370 621 394 672 τῇ
401 620 449 670 ἰδέη,
456 621 489 658 καὶ
496 618 571 665 εὐθέως
579 616 645 658 πάντα
652 633 687 670 μοι
694 616 746 667 ἠνοι-
755 641 770 666 0

109 703 144 727 aro
156 691 207 740 ῥοπῇ
214 690 247 726 καὶ
254 687 294 740 ὁρῶ
300 688 353 724 θέαν
359 683 459 735 ἀόριστον,
474 688 516 739 φῶς
524 686 544 724 δὲ
551 684 618 725 πάντα
627 689 746 736 γεγενημένα

110 752 167 801 ἠδιόν
176 768 196 791 τε
209 756 243 792 καὶ
255 751 334 804 ἱλαράν·
349 754 383 792 καὶ
396 751 493 804 ἠράσθην
507 750 563 791 ἰδών
576 754 610 791 καὶ
623 751 661 802 μετ’
678 742 746 802 ὀλίγον
757 758 766 787 9

112 818 181 864 σκότος
189 820 302 872 κατωφερὲς
310 813 336 866 ἠν
349 822 370 857 ὲν
383 821 438 870 μέρει
446 819 576 869 γεγεννημένον
585 816 674 870 φοβερόν
682 833 703 856 τε
712 820 746 857 καὶ

109 883 199 935 στυγνόν,
213 883 295 931 σκολιῶς
303 876 460 936 πεπερασμένον·
475 883 501 929 ὡς
512 878 588 922 εἰκάσαι
597 898 622 933 με
633 881 702 923 ὶδόντα
711 898 745 934 με-

110 949 261 1003 ταβαλλόμενον
269 948 292 990 τὸ
304 948 374 997 σκότος
384 954 410 995 εὶς
419 947 482 1001 ὑγράν
491 963 536 988 τινα
546 947 607 1003 φύσιν
621 948 703 1004 άιμάτως
716 965 745 989 τε-
756 959 776 989 12

111 1020 242 1071 ταραγμένην,
256 1019 289 1056 καὶ
302 1015 379 1057 καπνὸν
393 1016 529 1055 ἀποδιδοῦσαν
539 1015 565 1062 ὡς
578 1012 618 1055 άπὸ
632 1014 698 1068 πυρός,
711 1018 745 1056 καὶ

111 1099 155 1123 τινα
169 1079 219 1134 ἠχον
233 1083 370 1123 ἀποτελοῦσαν
384 1080 517 1130 άνεκλάλητον
531 1080 602 1131 γοάδη,
617 1079 658 1121 εἶτα
671 1080 711 1132 βοή
725 1081 745 1129 ἐξ

152 1245 185 1275 add.
197 1256 215 1275 τε
226 1245 258 1274 καί.
329 1243 343 1272 l.
360 1241 407 1285 φημὶ]
419 1244 446 1273 καί
457 1255 497 1283 φημι
504 1242 522 1271 Β.
541 1240 549 1282 ΙΙ
582 1242 613 1285 γάρ
626 1255 684 1273 erasum
697 1243 745 1273 in-B.

152 1296 168 1326 ⁵2.
182 1296 198 1325 δὲ
210 1307 240 1325 om.
252 1295 266 1323 A
278 1295 311 1325 edd.
333 1292 348 1324 5.
359 1290 411 1331 τοῦτ’]
424 1294 456 1327 πῶς
470 1292 498 1322 ΑΒ
511 1292 552 1323 Pau.
565 1290 572 1334 ll
595 1293 639 1334 ἔφην]
653 1297 695 1325 ἔστιν
705 1294 723 1324 Β.
735 1291 744 1334 ll

152 1345 206 1386 φησὶν]
220 1345 247 1376 καὶ
261 1357 308 1386 φησιν
319 1343 337 1374 Β.
353 1341 361 1385 ΙΙ
386 1342 427 1385 ἐμοὶ]
442 1345 467 1383 ἐμὲ
480 1342 494 1372 Β
506 1343 545 1375 Patr.
589 1344 603 1374 7.
617 1343 673 1383 τοῦτο]
685 1345 706 1375 sic
716 1345 743 1375 AB

151 1397 199 1433 Pam,
211 1391 258 1430 οὗτος
269 1396 317 1426 Τιιεπλ
328 1396 378 1425 Fluss.
445 1393 460 1425 8.
472 1391 555 1436 ιῖὁριστον]
566 1394 653 1438 γράψειαν
667 1393 743 1437 ἆορέστην

151 1459 198 1486 marg.
209 1447 228 1477 Β.
292 1447 307 1477 9.
318 1443 394 1486 ἠγάσθην
405 1444 489 1476 VelsenIus
551 1446 575 1478 ll.
587 1447 711 1489 πεπερασμένον]
723 1447 744 1479 sic

150 1498 208 1536 Vergic,
219 1498 270 1528 Fluss.
280 1498 329 1534 Pate,
341 1498 455 1538 πεπειραμένον
464 1497 507 1527 codd.
522 1499 633 1540 ἐσπειραμένον
644 1499 708 1529 casaub.
719 1511 743 1530 en-

151 1561 179 1580 erc.
190 1549 206 1579 in
217 1549 273 1579 Baron.
285 1562 300 1589 p.
309 1547 334 1578 79.
347 1545 355 1588 Η
378 1548 438 1586 ἰδόντα]
451 1547 506 1579 εἰδότα
516 1549 529 1578 Α
538 1550 572 1579 cdd.
606 1579 607 1582 ,
619 1549 644 1581 ll.
656 1549 680 1580 12.
692 1541 742 1591 μεταᾸ

150 1599 254 1642 βαλλόμενον]
268 1599 356 1642 γράφεταΓ
370 1601 465 1641 μεταβαλεῖν
474 1612 520 1638 marg.
531 1599 549 1631 B.
599 1600 623 1631 14.
637 1598 742 1642 οἷνειλάλητον

150 1664 180 1682 om.
192 1653 211 1682 Α.
223 1649 231 1692 ΙΙ
253 1651 308 1692 βοή-
316 1663 330 1691 p.
338 1650 354 1688 3,
366 1650 380 1682 l.
392 1651 444 1691 φωτός
455 1650 497 1680 uncis
508 1651 542 1681 incl.
550 1651 590 1682 Patr.

108 1795 144 1815 cere
156 1789 172 1815 et
182 1782 290 1827 cognoscere?
307 1783 332 1813 aio
344 1792 380 1824 ego:
395 1782 421 1814 Tu
431 1793 471 1814 vero
485 1785 522 1826 quis
534 1784 563 1814 es?
576 1784 610 1825 Ego
622 1783 704 1827 equidem,
718 1785 741 1816 in·

107 1835 150 1879 quit,
161 1846 197 1867 sum
208 1833 315 1873 Poemander,
326 1845 371 1865 meus
383 1834 418 1865 eius
430 1834 458 1877 qui
469 1832 543 1865 domiuus
555 1839 588 1874 est,
599 1834 638 1866 novi
649 1833 688 1879 quid
698 1834 740 1868 velis

107 1892 123 1919 ct
134 1892 188 1919 tecum
198 1898 233 1918 sum
245 1885 311 1930 ubique.
326 1883 362 1916 dico
377 1894 414 1928 ego:
428 1884 497 1916 Discere
512 1883 550 1917 volo
565 1885 607 1917 entia
621 1890 638 1917 et
650 1884 741 1930 intelligere

107 1949 162 1970 eorum
175 1943 248 1969 naturam
259 1942 276 1968 et
287 1947 385 1980 cognoscere
398 1935 449 1968 deum,
460 1934 500 1975 boc,
511 1935 553 1975 dixi,
568 1934 623 1968 audire
634 1935 676 1969 volo.
687 1937 741 1982 iuquit

106 1988 146 2020 milri
157 2000 220 2020 rursus:
232 1986 277 2020 Habe
284 1993 338 2021 mente
344 1993 372 2020 tua
380 1998 485 2031 quaecunque
492 1989 517 2020 vis
525 1986 593 2025 discere,
605 1999 634 2031 rgo
645 1994 661 2020 te
672 1987 740 2021 docebo.

139 2038 180 2072 Cum
191 2038 223 2071 hoc
234 2037 303 2070 duxisset
314 2044 383 2071 mutatus
395 2044 420 2070 est
428 2038 483 2078 forma,
495 2045 512 2071 et
522 2037 566 2070 illico
575 2044 631 2070 cuncta
639 2038 678 2071 mibi
685 2046 740 2084 aperta

106 2096 144 2123 sunt
155 2095 241 2128 momento,
253 2094 269 2121 et
281 2101 328 2122 cerno
340 2089 450 2134 spectaculum
460 2089 566 2128 indefinitum,
578 2090 630 2122 omnia
637 2089 713 2123 videlicet
723 2093 740 2124 in

106 2141 158 2173 lucem
169 2151 248 2172 conversa
259 2142 349 2173 suaviorem
360 2147 377 2173 et
387 2140 462 2180 hilarem,
474 2146 490 2172 et
500 2139 540 2173 haec
548 2140 608 2174 ,videns
619 2140 687 2175 laetatus
697 2154 738 2182 sum,

107 2197 123 2223 et
134 2191 181 2236 paulo
193 2197 232 2235 post
243 2191 318 2223 tenebrae
329 2191 404 2224 deorsum
415 2191 456 2224 latae
467 2192 484 2223 iu
497 2197 543 2237 parte
556 2191 606 2225 factae
619 2199 657 2226 sunt
670 2193 739 2225 horribi-

105 2241 130 2274 lcs
142 2247 158 2273 et
168 2243 232 2283 tristes,
247 2241 313 2287 oblique
324 2244 424 2282 terminatam
436 2247 454 2275 ut
464 2243 558 2288 imaginarer
568 2256 594 2276 me
604 2244 670 2278 vidente
680 2246 738 2277 mutari

106 2293 181 2325 tenebras
192 2295 209 2325 in
219 2293 301 2327 humidam
310 2294 390 2338 quandam
397 2300 469 2327 naturam
476 2294 581 2328 ineffabiliter
592 2296 676 2339 turbatam,
688 2302 704 2328 et
714 2296 737 2330 fu-

105 2356 147 2377 mum
162 2343 254 2378 reddentem
265 2349 345 2391 tamquam
356 2347 375 2379 ab
387 2347 431 2390 igne,
446 2352 531 2380 erronum
546 2345 624 2390 quendam
635 2353 736 2381 resonantem
