1591 2531
112 722 221 766 Praefatio
238 723 337 766 editionis
353 722 460 768 Flussatis
471 724 593 768 Oandallae.
608 724 744 782 Burdiga-lae,

398 797 461 841 1574.

308 975 438 1021 Francisous
457 977 546 1021 Flussas

280 1054 348 1093 lectori
362 1055 460 1108 daopo'stqr
474 1055 574 1094 εὐθενίαν.

152 1150 314 1200 Quandoquidem
330 1152 414 1190 omnium
432 1166 498 1190 eorum
515 1165 564 1202 quae
585 1156 630 1190 sunt
649 1164 717 1191 causas
734 1167 746 1191 a

111 1216 189 1254 Divinis
210 1221 273 1255 ortum
295 1217 366 1255 ducere
387 1222 472 1267 constat,
493 1217 593 1256 universus
613 1217 746 1268 philosophiae

112 1282 202 1333 splendor
215 1283 267 1332 apud
281 1296 346 1321 ornnes
360 1288 380 1320 et
394 1284 479 1334 singulos
493 1284 533 1321 eius
547 1296 627 1334 scopum
638 1283 746 1332 disquiren-

112 1353 142 1386 tes
155 1348 223 1386 unicus
239 1348 277 1385 fuit
294 1349 378 1399 supremi
390 1348 441 1387 illius
454 1348 505 1386 Boni
522 1347 645 1399 perquirendi
659 1352 745 1398 conatus,

111 1414 164 1452 nullo
181 1413 289 1452 discrimine
307 1419 359 1452 recte
373 1427 396 1453 ac
410 1414 486 1464 oblique
499 1413 689 1465 philosophantibus,
707 1427 745 1464 quo

111 1478 160 1516 nihil
172 1480 302 1528 praestantius
315 1479 347 1517 vel
359 1480 457 1530 potentius
471 1484 530 1518 extat.
552 1479 574 1517 id
581 1480 648 1529 utique
656 1479 690 1517 uni
702 1485 745 1518 tan-

111 1550 154 1583 tum
171 1545 297 1583 animantium
313 1558 334 1583 se
352 1544 498 1584 discernendum
514 1542 604 1596 praehet,
621 1546 639 1583 ei
655 1546 745 1584 nimirum

112 1611 165 1660 quod
178 1624 203 1649 ex
215 1611 276 1662 ipsius
288 1611 340 1649 Boni
356 1612 435 1662 proprio
451 1612 571 1662 potissimam
589 1611 746 1650 constitutionem

112 1676 198 1728 suscipit.
226 1690 264 1727 quo
277 1682 334 1716 vetus
346 1676 380 1716 illa
392 1677 500 1727 priscorum
513 1678 621 1727 παροιμία,
637 1674 660 1716 τὸ
674 1674 745 1727 ὅμοιον

113 1744 141 1790 τῷ
154 1742 216 1791 ὁμοίῳ
230 1741 311 1788 νοητόν,
324 1744 412 1792 partibus
426 1744 465 1781 suis
478 1744 553 1790 functa,
567 1755 623 1779 omne
636 1755 697 1792 genus
710 1742 745 1780 ho-

112 1807 184 1845 minum
197 1806 218 1844 in
230 1806 309 1857 propria
322 1820 402 1845 munera
415 1808 504 1846 obeunda
517 1819 596 1858 prorsus
610 1806 682 1858 adigat.
709 1807 744 1845 ho-

112 1873 168 1911 minis
185 1886 268 1923 namque
286 1873 434 1911 concinnitatem
452 1874 472 1911 in
489 1872 513 1911 iis
527 1886 576 1923 quae
589 1887 601 1911 a
613 1872 665 1911 bona
681 1878 745 1912 mente

111 1943 219 1976 tractantur
233 1938 354 1989 speculandis
368 1939 472 1978 consistere
485 1938 535 1976 citra
547 1938 698 1976 controversiam
710 1938 745 1975 ha-

112 2003 175 2042 betrn.
197 2003 255 2042 horno
265 2004 336 2054 quippe
345 2005 416 2042 animal
424 2004 517 2043 Divinum
526 2003 588 2042 solum
596 2002 745 2054 philosophandi

113 2084 177 2121 capax
192 2070 266 2108 Divina
283 2071 433 2120 contemplatur,
454 2084 476 2108 ac
493 2083 528 2120 per
545 2069 614 2107 suimet
630 2068 745 2107 Divinitatis

114 2136 253 2185 spectationem
270 2148 379 2186 supremum
397 2135 445 2174 illud
461 2135 548 2184 Bonum,
569 2134 630 2172 omnis
646 2133 745 2186 potentiae

116 2202 194 2240 simulac
207 2202 286 2240 virtutis
295 2202 388 2253 originem
396 2201 468 2250 Deum,
481 2200 565 2239 omnium
574 2199 663 2251 opificem
672 2204 692 2237 et
701 2212 746 2237 oau-

115 2280 163 2316 sam,
176 2268 268 2317 peculiari
281 2272 301 2305 et
314 2267 351 2306 sibi
365 2267 460 2306 destinato
472 2280 551 2306 munere
560 2265 654 2315 concipit:
667 2269 746 2315 tumque

115 2346 173 2372 verae
181 2328 317 2384 philosophiae
322 2335 426 2374 insectator
432 2339 471 2383 est,
485 2347 529 2372 cum
537 2330 670 2383 philosophiae
679 2343 746 2369 verum
