1591 2531
160 179 162 181 ι
228 141 242 171 Ε
252 140 344 181 praefatione
354 141 418 172 Patricii.
641 146 675 170 ΧΙΧ

41 233 123 271 tantiam
140 231 211 282 partim
229 232 286 269 etiam
299 244 338 269 non
352 234 463 272 extantium.
491 244 541 282 quae
558 232 621 270 omnia
638 245 673 271 nos

41 299 62 338 in
79 311 138 336 unum
156 296 271 335 contulimus
288 297 387 345 volumen,
404 300 460 337 simul
478 312 522 337 cum
538 298 563 335 iis
579 299 673 348 pauculis,

42 377 91 415 quae
107 368 150 401 tum
166 362 218 414 apud
232 361 336 415 cyrillum,
354 361 407 401 lihris
425 369 492 404 contra
508 363 614 411 Iulianum,
632 368 674 400 tum

41 429 94 481 apud
107 428 187 469 Suidam
200 431 315 481 reperimus;
334 434 353 468 et
365 429 421 467 iuxta
433 435 498 469 nostra
510 431 544 469 illa
558 429 675 480 exemplaria

41 496 85 547 plus
99 508 156 546 quam
169 496 220 534 mille
230 495 359 547 quadraginta
371 495 465 533 locatum
477 495 498 533 in
506 495 618 544 Ficinianis‚
631 500 674 533 tum

41 562 61 601 in
71 561 185 602 Stobaeanis
199 567 219 601 et
228 560 359 601 Gandallianis
373 560 522 600 emendavimus.
545 575 593 610 quae
606 561 674 600 lectio-

13 651 20 663 ·
41 643 87 667 num
101 628 184 666 varietas
193 629 328 666 necessitatem
337 627 393 666 nobis
402 628 500 678 imposuit,
514 631 536 663 ut
550 640 615 664 omnes
623 640 673 664 novo

41 694 108 733 lahore
124 698 248 731 verteremus.
276 692 310 730 sed
328 698 347 730 et
363 693 450 731 ordinem
467 693 575 731 libellorum
592 692 674 729 mutavi-

41 772 94 808 mus,
111 759 140 797 ita
152 764 175 796 ut
187 758 310 796 materierum
328 760 412 808 sequella
424 759 486 811 magis
501 759 526 797 sit
540 770 638 806 connexa⁷
656 761 675 795 et

42 824 148 863 scientifica
160 824 222 875 magis
236 828 334 875 appareat.

152 889 236 928 Videtur
254 893 318 927 autem
331 889 414 928 Hermes
431 888 464 927 hic
477 889 614 940 Trismegistus
631 894 675 927 coe-

41 962 109 995 taneus
123 955 201 1005 quidem
218 955 277 994 fuisse
290 955 356 1007 May,
371 955 405 994 sed
417 955 475 1007 paulo
490 954 558 1010 senior.
576 953 644 992 scribit
655 968 675 991 n.

40 1022 137 1061 Eusebius
149 1022 170 1059 in
183 1021 288 1071 Chronico,
302 1035 351 1060 anno
360 1021 433 1060 Armei
442 1015 531 1073 Aegypti
543 1021 595 1071 regis
607 1021 676 1071 primo,

42 1087 94 1126 Oath
110 1087 171 1126 filium
189 1088 313 1138 Trismegisti
329 1087 421 1126 floruisse.
449 1088 466 1126 is
480 1092 544 1125 autem
558 1100 619 1125 annus
632 1091 677 1125 ante

41 1152 105 1191 Mosis
119 1152 193 1191 obitum
206 1152 310 1204 vigesimus
328 1153 405 1191 circiter
421 1153 464 1191 fuit.
492 1152 593 1206 apparebit
611 1157 676 1190 autem

42 1232 66 1257 ex
79 1218 133 1257 hisce
141 1218 240 1257 Hermetis
252 1223 295 1256 tum
307 1218 376 1257 libellis
390 1223 432 1256 tum
444 1219 557 1270 fragmentis
570 1219 604 1269 pia
617 1231 677 1268 quae·

43 1284 88 1323 dam
102 1297 149 1335 erga
161 1284 227 1322 Deum
239 1283 373 1335 philosophia,
385 1283 432 1322 fidei
445 1283 569 1334 dogmatibus
582 1289 604 1322 ut
616 1284 677 1334 pluri-

41 1363 94 1387 mum
112 1362 202 1388 consona.
233 1350 333 1400 apparebit
354 1362 430 1400 quoque
447 1362 528 1401 graecas
543 1349 677 1401 philosophias

42 1427 118 1463 omnes,
135 1414 291 1466 Pythagoream,
305 1403 430 1453 ¹Platonicam
443 1415 464 1452 in
481 1415 551 1453 divinis
565 1428 677 1453 aemorum

43 1480 172 1532 dogmatibus,
186 1481 331 1520 Aristotelicam
345 1486 409 1520 autem
423 1487 442 1519 et
451 1480 539 1520 Stoicam
551 1481 572 1518 in
584 1481 677 1532 physicis,

43 1553 63 1585 et
75 1547 183 1585 medicinae
197 1547 255 1585 etiam
263 1548 326 1597 prima
334 1547 436 1598 principia,
451 1552 470 1585 et
484 1561 508 1585 ex
521 1546 551 1585 his
565 1553 585 1584 et
598 1561 623 1585 ex
635 1548 677 1585 aliis

43 1613 76 1663 qui
94 1612 192 1664 perierunt
209 1613 250 1651 eius
263 1612 317 1652 lihrr's
330 1614 389 1652 fuisse
406 1613 523 1664 desumptas.
552 1612 677 1662 quamobrem

42 1680 100 1730 longe
114 1680 173 1717 satius
187 1685 207 1718 et
220 1679 329 1718 christianis
337 1680 447 1719 hominihus
461 1679 566 1718 consultius
580 1684 600 1717 et
612 1679 678 1717 utilius

42 1745 100 1796 longe
117 1745 204 1783 futurum
214 1748 273 1793 esse,
291 1746 308 1784 si
320 1743 419 1784 Hermetis
437 1746 528 1796 dogmata
540 1746 606 1795 potius
620 1758 679 1795 quam

4 1823 5 1828 ¹
43 1811 180 1859 Aristotelica,
198 1824 247 1861 quac
263 1811 335 1861 ubique
352 1825 423 1864 magna
440 1799 515 1850 scatent
530 1811 640 1862 impietate,
657 1811 688 1867 iu¹

43 1876 114 1915 scholis
127 1876 210 1927 publicis
224 1881 243 1915 et
255 1877 394 1916 monachorum
410 1878 513 1917 Aristoteli
529 1877 609 1916 nimium
623 1876 677 1915 addi-

44 1946 119 1980 ctorum
133 1942 230 1981 coenobiis
244 1942 346 1993 aliquando
359 1944 454 1996 legantur.
476 1942 528 1994 quod
541 1948 563 1982 ut
577 1943 677 1982 comodius

43 2008 86 2047 fieri
99 2014 163 2059 queat,
176 2009 251 2049 libellos
264 2009 319 2048 iuxta
331 2010 455 2049 materierum
467 2010 497 2049 uti
506 2010 590 2049 diximus
603 2010 677 2060 sequel-

43 2074 81 2113 lam
95 2088 119 2114 ac
132 2075 200 2114 seriem
213 2076 233 2114 in
247 2075 333 2116 ordinem
345 2076 462 2129 redegimus.
