1591 2531
118 141 150 164 xlv
353 129 426 160 Praelatio
437 130 513 161 Flussatis.

117 239 140 263 ac
153 225 227 263 Divina
243 226 369 276 scripserunt,
388 224 447 262 verba
464 223 556 262 sumenda
572 224 633 262 fuere:
651 225 747 273 utquam

118 298 208 331 accurate
221 293 287 331 liceret
301 290 386 329 authoris
400 295 514 341 conceptum
523 290 586 329 verbis
600 304 747 342 assequeremur.

118 374 163 398 nam
177 360 283 398 diviuarrun
296 371 361 396 rerum
375 363 394 396 εὴ
406 357 539 409 philosophiae
553 363 650 408 expertes,
668 358 701 409 qui
712 357 749 396 lin-

118 441 167 478 guae
183 426 253 464 latinae
270 424 376 476 primordia
393 427 549 472 construxerunt,
567 426 657 475 propriae
672 425 749 476 linguae

118 492 196 531 vocibus
214 491 281 544 ignota
299 493 384 543 proferre
401 504 439 529 nou
455 495 550 541 poterant.
578 503 589 527 a
608 488 688 528 Graecis
704 490 748 530 ideo

118 559 151 608 qui
168 563 187 595 et
198 558 338 609 vphilosophiae
355 563 374 596 et
391 557 488 608 religionis
504 557 577 601 nullum
592 570 631 594 non
648 558 749 596 moverunt

117 625 212 676 lapidem,
225 625 329 677 peculiaria
343 624 465 674 quamplura
478 624 537 663 verba
550 623 651 662 commodo
664 624 749 674 suscepi-

118 705 170 740 mus,
188 706 199 728 a
215 692 278 729 latinis
296 690 407 728 authoribus
424 690 469 728 hinc
486 690 531 729 inde
548 703 571 728 ao
586 695 684 741 artemque
700 691 748 728 sata.

119 762 163 795 ante
179 770 213 794 nos
230 756 332 794 Mamilius
349 756 437 805 Fieinus,
457 756 488 795 vir
505 770 543 795 non
560 756 653 795 mediocri
669 756 749 795 scientia

117 823 225 873 praeditus,
240 822 338 871 antiquam
351 823 402 860 hauc
415 835 504 873 graecam
517 824 624 861 versionem
637 824 657 860 in
669 823 749 862 latinam

116 889 169 926 velut
182 889 212 926 sui
220 888 292 926 laboris
301 889 369 926 novale
382 889 489 927 transtulit:
503 889 554 926 huuc
567 894 660 939 sequutus
670 887 750 927 Gabriel

115 955 218 992 Prateolus
234 956 255 993 in
270 959 356 993 nostrum
373 954 474 993 Gallorum
490 955 563 993 idioma
576 956 681 1005 eonvert't,
694 956 749 994 nulla

117 1021 272 1071 interpretandae
289 1021 317 1059 rei
334 1021 461 1059 sollicitudine
479 1021 542 1070 ducti,
562 1034 585 1059 ac
606 1025 708 1072 eapropter
724 1022 749 1060 ab

118 1087 203 1125 authoris
212 1087 307 1126 sententia
320 1087 400 1125 subinde
412 1087 531 1137 divagantes.
555 1092 574 1125 et
581 1087 627 1125 lieet
636 1088 750 1139 Aegiptium

116 1167 156 1191 non
169 1157 244 1191 constet
257 1152 360 1203 exemplar,
374 1151 472 1191 Graecum
485 1159 549 1190 tamen
562 1152 618 1191 huius
631 1153 749 1192 Pimandrae

118 1218 253 1269 aperitissimo
263 1219 354 1269 quopiam
364 1220 443 1268 antiquo
452 1219 565 1256 translatum
575 1231 616 1257 esse
626 1219 692 1268 liquet,
706 1232 749 1258 cum

118 1284 208 1322 dictionis
216 1289 323 1332 venustate,
336 1288 378 1322 tum
391 1283 503 1321 admiranda
512 1283 614 1322 verborum
625 1283 714 1336 ἐμφιέσει,
727 1286 748 1323 in

118 1349 242 1388 enunciandis
258 1355 323 1387 tantae
336 1349 469 1399 philosophiae
487 1350 572 1387 secretis
598 1349 678 1388 Fieinus
695 1364 748 1388 nam-

117 1429 154 1465 que
167 1415 219 1453 hune
231 1416 291 1453 latino
301 1415 380 1465 donans,
394 1429 429 1453 sua
441 1415 529 1464 liminari,
543 1428 582 1464 qua
591 1416 624 1453 via
638 1416 662 1453 de
671 1414 749 1454 Graeca

117 1481 204 1519 versione
217 1481 342 1529 intellexerit,
356 1481 431 1519 silentio
445 1481 587 1530 praetermittit.
613 1481 634 1519 id
647 1495 706 1518 unum
719 1486 749 1520 ta-

117 1560 162 1585 men
171 1546 257 1596 effundit,
270 1546 390 1585 Memmium
402 1560 471 1596 nempe
484 1547 544 1584 literis
557 1546 654 1598 Aegiptiis
667 1547 749 1597 primum

118 1612 211 1660 edidisse,
231 1612 350 1661 eundemque
362 1625 444 1663 graecae
456 1613 534 1664 linguae
546 1612 639 1662 peritum,
656 1613 749 1652 translato

116 1678 212 1716 volumine
229 1678 365 1729 Aegiptiorum
384 1678 477 1729 mysteria
495 1676 576 1716 Graecis
593 1679 750 1717 communicasse.

118 1743 170 1793 quod
186 1743 277 1782 habuisse
294 1744 391 1782 videretur
409 1758 421 1781 a
437 1744 527 1794 religioso
546 1744 630 1793 quodam
647 1744 750 1782 Leonardo

117 1808 240 1857 Pistoriensi,
254 1809 287 1857 qui
299 1812 403 1846 tractatum
416 1808 478 1857 hunc,
493 1809 524 1846 cui
538 1808 562 1846 de
574 1808 675 1846 Potestate
688 1813 707 1846 et
720 1822 750 1847 sa-

117 1874 190 1925 pientia
203 1873 242 1912 Dei
255 1888 325 1912 nomen
337 1874 413 1923 indidit,
427 1874 480 1924 prior
493 1874 514 1911 in
526 1873 645 1912 Florentiam
659 1887 669 1911 e
682 1874 750 1913 Maee-

118 1940 176 1977 donia
189 1939 264 1990 detulit,
278 1945 297 1978 et
310 1940 397 1979 manibus
406 1940 499 1991 principis
509 1939 591 1978 Cosmae
601 1940 685 1978 Medicis
699 1953 750 1979 com-

117 2005 176 2043 misit.
204 2007 258 2044 cuius
274 2011 377 2057 praecepto
395 2007 475 2044 uicinus
492 2007 513 2044 in
525 2007 616 2054 latinum,
633 2011 725 2055 tanquam
738 2021 750 2044 a

117 2071 232 2110 Mecaenate
245 2071 356 2122 suscipiens,
371 2076 390 2109 et
403 2085 449 2110 suae
461 2072 547 2109 culturae
555 2072 632 2109 novalia
639 2072 750 2122 persolvens

118 2137 221 2175 transtulit.
249 2138 310 2175 obiter
324 2138 406 2187 quidem.
433 2137 586 2176 transferendam
599 2139 655 2188 enim,
669 2152 708 2177 non
720 2138 750 2175 in-

119 2202 262 2251 terpretandum
277 2204 371 2253 volumen,
384 2203 471 2254 pluribus
484 2204 556 2255 passim
569 2205 648 2243 variatis
662 2216 698 2241 nec
711 2216 750 2241 non

118 2267 194 2305 omissis
208 2283 309 2321 aggressus
324 2275 359 2320 est,
373 2284 421 2320 quae
435 2270 506 2310 omissa
518 2270 556 2309 hac
570 2270 645 2308 stellula
657 2269 667 2286 ⁴⁶
680 2274 700 2306 et
712 2268 749 2307 hac

118 2333 277 2384 virgularecta1
291 2328 381 2377 conclusa
397 2337 486 2388 reperies.
513 2350 552 2375 non
566 2335 649 2373 arbitror
662 2335 749 2385 equidem
