1591 2531
24 155 55 183 cap.
67 143 83 173 5.
257 141 368 183 ηανερώτατάς
379 145 425 173 ἐστιν.
638 139 659 169 45

25 248 66 281 σας,
80 236 109 279 τίς
123 233 134 271 ὁ
150 230 172 271 τὸ
186 234 249 284 δέρμα
263 234 286 285 τῆ
300 235 358 283 σαρκὶ
371 230 489 286 περιβαλών,
503 233 533 276 τίς
547 231 557 269 ὁ
572 229 617 277 τοὺς
626 232 660 269 δα-

24 299 105 344 κτύλους
122 300 156 336 καὶ
173 296 197 336 τά
215 295 286 350 ἀρδρα
303 297 380 344 διελών,
398 302 428 345 τίς
445 298 456 337 ὁ
474 304 517 342 τοῖς
533 298 582 336 ποσὶ
598 295 659 346 βιίσιν

5 363 130 411 3πλατιίνας,
144 365 174 410 τίς
188 364 198 403 ὁ
213 362 305 417 διορύξας
318 362 364 409 τοὺς
376 363 454 416 πόρους,
468 366 497 411 τίς
512 363 522 403 ὁ
537 362 573 403 τὸν
582 364 661 410 σπλῆνα

25 433 120 478 ἐκτείνας,
137 433 167 476 τίς
181 430 191 470 ὁ
205 428 242 479 τήν
255 432 340 482 καρδίαν
353 432 476 481 πυραμοειδῆ
493 429 587 479 ποιήσας,
605 430 635 474 τίς
649 427 660 466 ὁ

25 496 50 535 τά
64 496 138 549 πλευρά
152 499 242 544 συνθείς,
256 499 286 542 τίς
300 497 310 536 ὁ
325 494 348 535 τὸ
362 492 417 547 ῆπαρ
430 496 538 544 πλατίνας,
555 498 586 541 τίς
600 495 610 534 ὁ
625 492 660 533 τδν

5 562 126 620 ρπυειίμονα
140 562 275 614 σηραγγιόσας,
289 565 319 609 τίς
333 562 343 601 ὁ
357 558 394 609 τήν
407 562 484 600 κοιλίαν
494 560 660 613 εὐρύχωρουποι-

25 627 81 677 ήσας,
94 632 124 675 τίς
138 629 148 668 ὁ
163 627 188 668 rei
201 628 309 680 τιμιώτατα
323 632 349 673 είς
362 625 385 667 τὸ
400 624 489 681 φανερὸν
502 621 614 672 ἐκτυπιίσας
627 629 660 665 καὶ

25 693 51 734 cci
64 692 137 746 αὶσχρά
150 693 238 748 κρύψαςς
253 696 281 732 idi
294 692 356 732 πόσαι
364 697 431 743 τέχναι
443 694 491 743 μιᾶς
500 691 553 740 ὕλης,
566 695 600 730 καὶ
609 690 663 730 πόσα
676 692 688 729 7

6 762 73 812 9ἕργα
90 763 128 811 μιῆ
145 762 266 813 περιγραφῇ,
284 762 318 798 καὶ
335 758 402 798 ποίντα
419 761 528 810 περικαλλῆ
544 760 579 797 καὶ
594 755 662 796 πείντα

25 830 171 878 μεμετρημένα,
188 824 255 864 πάντα
274 826 294 864 δὲ
311 830 332 864 ἐν
346 826 440 876 διαφορᾷ.
467 828 497 871 τίς
513 823 580 864 πάντα
597 825 662 863 ταῦτα

26 894 116 941 ἐποίησε,Ι
129 894 179 931 ποία
192 890 263 944 μήτηρ,
277 896 334 936 ποῖος
347 888 423 942 πατήρ,
437 893 453 928 εὶ
465 888 493 940 μή
507 889 568 940 μόνος
582 890 592 929 ὁ
606 890 661 943 ἀρα-

6 956 62 1006 2νής
75 955 126 1004 θεὸς
138 959 166 1007 τῷ
179 959 250 997 ἑαυτοῦ
264 956 365 1007 θελήματι
377 955 444 994 πάντα
458 953 615 1007 δημιουργήσας,-

65 1024 109 1062 Καὶ
138 1022 248 1075 ἀνδριάντα
268 1025 308 1073 μὲν
330 1019 342 1069 ή
367 1020 433 1061 εἰκόνα
458 1023 518 1074 χωρὶς
542 1019 686 1073 civiacum-8

26 1090 86 1128 ποιοῦ
105 1086 119 1136 ι’)
138 1087 245 1143 ζωγράφου
265 1088 329 1133 οὐδείς
353 1101 404 1142 φησι
426 1092 537 1138 γεγονέναι,
562 1089 621 1126 τοῦτο
642 1088 663 1125 δὲ

6 1154 49 1193 aad
79 1152 218 1206 δημιούργημα
241 1156 299 1205 χωρὶς
326 1155 448 1205 δημιουργοῦ
472 1157 563 1204 γέγονας
588 1152 603 1191 ἀί
626 1156 661 1200 τῆς

27 1222 100 1266 πολλῆς
124 1218 256 1272 τυφλότητος,
281 1216 296 1256 ai
316 1222 351 1266 τῆς
372 1221 447 1266 πολλῆς
467 1219 568 1269 ἀσεβείαις,
592 1217 607 1256 ιδ
626 1221 662 1265 τῆς

27 1288 102 1333 πολλῆς
124 1283 271 1337 ἀγνωμοσύνης.
297 1286 404 1335 μηδέποτε,
422 1279 437 1323 ὦ
453 1288 522 1324 τέκνον
538 1284 589 1332 Teii,
612 1284 663 1324 ἀπο-

7 1349 122 1405 εστερήσης
139 1354 176 1389 τοῦ
200 1352 321 1401 δημιουργοῦ
341 1349 367 1388 τά
387 1351 559 1402 διριιουργήιιατα
575 1353 663 1400 ,μᾶλλον

69 1526 85 1555 2.
97 1525 123 1554 καί
133 1523 155 1554 τά
166 1521 230 1565 ἄρθρα]
241 1523 262 1553 sic
273 1523 318 1560 Patr„
329 1535 360 1553 orn.
370 1523 430 1564 reliqui,
460 1523 476 1553 4.
487 1524 502 1554 5.
513 1525 538 1558 τίς
550 1523 558 1554 ὃ
568 1524 591 1554 τά
602 1523 662 1564 πλευρὰ

71 1576 136 1609 συνθείς
146 1586 176 1603 orn.
188 1573 228 1604 Patr.
283 1574 298 1604 5.
310 1573 377 1615 πλενρά]
388 1573 460 1616 adipali
472 1576 519 1604 Turn.
571 1573 596 1604 ll.
607 1573 662 1615 μόνος]

70 1624 91 1655 sic
101 1624 146 1661 Patra,
157 1637 188 1656 om.
198 1624 258 1665 reliqui.
302 1625 327 1656 17.
339 1625 364 1657 18,
376 1622 492 1667 ἀποστερήσας
505 1627 523 1655 Α.

29 1788 105 1823 articulos
116 1789 196 1830 distinxit,
208 1791 244 1834 quis
255 1789 324 1836 pedibus
335 1790 387 1823 basim
399 1791 477 1832 dilatavit,
489 1792 525 1836 quis
536 1802 587 1836 poros
595 1792 663 1835 cavavit⁷

29 1844 65 1887 quis
76 1841 149 1886 splenem
160 1841 237 1882 extendit,
250 1843 286 1887 quis
297 1854 325 1875 eor
336 1843 354 1875 in
363 1844 464 1888 pyramidem
474 1844 554 1883 formavit,
566 1844 603 1887 quis
612 1842 662 1874 latera

28 1894 127 1937 composuit,
141 1894 178 1937 quis
191 1892 242 1937 hepar
253 1892 334 1932 dilatavit,
349 1896 386 1938 quis
400 1894 492 1938 pulmonem
504 1905 608 1926 cavernosum
618 1892 662 1932 iecit,

28 1945 65 1988 quis
78 1949 151 1975 ventrem
165 1955 247 1988 capacem,
262 1945 298 1987 quis
312 1944 412 1977 honorabilia
425 1943 478 1989 palam
491 1944 566 1990 figuravit
580 1949 597 1976 ct
610 1945 663 1988 turpia

28 1993 140 2028 abscondidit?
154 1994 192 2027 vide
206 2000 245 2038 quot
258 2001 301 2028 artes
312 1997 329 2028 in
340 2008 371 2028 una
385 1998 450 2029 materia
462 2002 478 2029 et
489 2002 529 2041 quot
544 2008 593 2040 opera
603 1997 620 2028 iu
631 2007 662 2027 una

29 2047 182 2091 circumscriptione,
193 2047 246 2078 omnia
253 2046 350 2092 perpulchra
360 2054 376 2080 et
384 2050 436 2081 omnia
444 2054 540 2088 mensurata,
552 2048 603 2080 omnia
611 2052 663 2078 tamen

29 2098 123 2130 differentia.
146 2098 182 2140 quis
193 2097 233 2129 haec
244 2099 296 2130 omnia
311 2097 375 2131 effecit?
400 2111 441 2144 quae
451 2105 509 2138 mater,
523 2101 551 2143 qui
561 2104 616 2144 pater,
630 2098 663 2129 uisi

29 2149 74 2182 sotus
85 2146 201 2180 immanifestas
213 2148 253 2181 deus
264 2161 293 2181 sua
304 2148 387 2182 voluntate
399 2151 451 2183 omnia
463 2149 544 2183 condens?

60 2201 83 2234 Et
96 2205 164 2232 statuam
178 2198 242 2243 quidem
256 2200 283 2232 vel
297 2202 380 2244 imaginem
394 2201 455 2246 absque
469 2202 545 2234 statuario
559 2205 587 2231 ant
599 2201 664 2244 pictore

29 2264 75 2284 nemo
87 2251 127 2284 dicit
138 2250 240 2298 essesmtas,
251 2250 283 2283 hoc
294 2263 333 2283 vero
345 2251 427 2296 opificium
438 2253 473 2284 siue
486 2251 544 2295 opifice
552 2250 611 2284 iactum
623 2252 663 2284 erit?

29 2314 39 2334 o
50 2302 115 2336 multam
127 2303 226 2343 eaecitatem,
239 2314 248 2334 o
259 2300 325 2334 multam
335 2303 440 2347 impietatem,
456 2315 465 2335 o
476 2302 542 2335 multam
553 2303 663 2346 ignorantiam.

28 2366 117 2399 uunquam,
131 2367 141 2388 ο
155 2353 179 2388 fiti
190 2352 230 2394 Tit,
244 2353 333 2399 privaveris
345 2353 404 2399 opifice
415 2353 486 2399 opificia3
501 2354 572 2399 quinimo
583 2360 663 2400 praestan·
