1591 2531
103 130 123 160 ll
315 127 350 159 Ὅτι
361 125 423 170 ἀφανὴς
435 127 443 159 ὁ
456 129 495 163 θεὸς
677 139 709 168 cap.
721 126 735 158 5,

101 223 200 271 γενομένῳ
218 220 332 267 ἀναπτῆναι
349 224 376 266 εὶς
393 218 429 261 τὸν
446 220 496 272 ἀέρα
517 221 550 259 καὶ
567 222 628 270 μέσον
645 218 736 269 ἀρθέντα

102 288 138 333 τῆς
152 289 188 336 γῆς
201 289 234 325 καὶ
248 286 334 335 ούρανοῦ
352 288 400 325 ἰδεῖν
416 288 453 336 γῆς
468 288 504 335 μέν
517 283 541 324 τὸ
555 283 642 339 στερεόν,
655 283 736 323 θαλάσ-
757 298 760 302 ’

102 366 139 400 σης
154 354 175 391 δέ
188 350 211 391 τὸ
225 354 335 402 κεχυμένον,
348 354 444 402 τιαταμῶν
457 353 477 390 δέ
491 348 516 388 τά
530 349 618 401 ῥεύματα
623 381 628 398 ,
642 351 699 403 ἀέρος
713 347 735 388 τὸ
747 357 755 386 3

104 417 210 468 ἀνειμένον,
224 417 285 470 πυρὸς
298 416 335 466 την
350 417 443 466 ὀξύτητα,
457 414 535 467 ἀστρων
548 413 583 455 τὸν
601 415 685 467 δρόμον,
703 416 736 456 οἰ-

103 486 165 533 ρανοῦ
178 484 215 531 τὴν
224 483 336 536 ταχυτάτην
345 486 389 534 περὶ
398 484 461 522 ταῦτα
470 484 581 533 τιερέβασιν.
605 479 619 519 ἀ
628 484 680 526 θέας
689 485 737 521 ἐκεί-

102 563 142 596 νης,
157 552 230 598 τέκνον,
245 548 387 601 εὐτυχεστάτης,
401 546 439 587 ὑπὸ
453 549 502 597 μίαν
516 545 580 599 ῥοπὴν
593 546 660 586 πάντα
673 551 736 587 ταῦτα
748 556 756 585 fl

102 613 234 664 θεάσασθαι,
251 614 287 655 τάν
301 616 394 662 ἀκίνητον
408 612 558 664 διακινούμενον
571 616 604 653 καὶ
617 612 652 654 τὸν
666 614 737 668 ἀφανῆ

104 681 237 734 (μιαινόμενον,
253 682 279 720 δι’
295 677 322 719 ὦν
339 685 425 719 ποιεῖται
442 678 492 726 αὕτη
508 679 523 727 ἡ,
535 678 590 726 τάξις
607 684 643 719 τοῦ
655 679 736 730 κόσμου,

103 750 137 786 καὶ
151 743 208 791 οὗτος
222 746 232 785 ὁ
246 744 321 796 κόσμος
334 748 370 793 τῆς
382 744 460 793 τάξεως.
748 753 756 782 9

79 814 90 852 li
143 814 170 851 Ea
184 814 250 858 θέλεις
264 810 299 852 τὸν
314 808 434 863 δημιουργὸν
447 813 480 850 καὶ
494 808 527 849 διά
539 814 579 850 τῶν
592 813 674 859 θνητῶν
687 810 737 850 θεά-

103 881 184 918 σασθαι
201 882 240 919 τῶν
259 881 290 918 ἐπὶ
308 882 342 927 της
355 880 392 928 γῆς
405 879 439 917 καὶ
452 878 491 917 τῶν
505 881 525 916 έν
538 878 607 928 βυθῷ,
624 876 707 926 νόησον,
721 872 737 915 ai

102 947 181 992 τέκνον,
204 943 384 996 δημιουργούμενον
402 948 423 983 έν
440 946 463 997 τῇ
480 945 552 995 γαστρὶ
568 941 604 983 τὸν
621 941 736 995 ἀνθροιιιον,
748 951 767 980 12

103 1012 137 1048 καὶ
150 1013 187 1048 τοῦ
200 1009 382 1061 δημιουρμύσαντος
400 1009 486 1060 ἀκριβῶς
502 1006 539 1056 τὴν
556 1012 625 1060 τέχνην
638 1009 736 1057 ἐξέτασον,

103 1078 137 1113 καὶ
150 1074 207 1125 μάθε
221 1078 250 1120 τίς
264 1075 274 1113 ὁ
289 1078 413 1128 δημιουργῶν
427 1073 463 1122 τὴν
474 1073 537 1122 καλὴν
551 1074 624 1122 ταύτην
633 1078 666 1114 καὶ
675 1077 736 1114 θείαν

102 1143 138 1179 τοῦ
152 1139 262 1191 ἀνθρύτιου
276 1139 347 1179 εἰκόνα,
374 1143 404 1186 τίς
418 1141 428 1180 ὁ
441 1139 487 1186 τούς
504 1138 627 1194 ὀφθαλμούς
643 1140 737 1194 περιγρά-
747 1148 766 1178 15

103 1216 154 1258 ιμας,
171 1209 200 1252 τίς
215 1206 225 1244 ὁ
240 1203 276 1251 τάς
292 1209 349 1257 ῥῖνας
366 1209 399 1245 καὶ
417 1204 441 1244 τά
459 1203 500 1245 ὦτα
517 1205 627 1256 τρυπήσας,
645 1208 674 1251 τίς
688 1207 699 1245 ὁ
713 1204 737 1245 τύ

104 1271 169 1323 στόμα
183 1273 288 1320 διανοίξας,
302 1274 332 1317 τίς
346 1272 356 1311 ὁ
370 1269 396 1309 τά
409 1274 469 1323 νεῦρα
483 1274 568 1318 ἐκτείναις
581 1275 615 1311 καὶ
624 1272 737 1323 δεσμεύσας,

104 1340 133 1382 τίς
148 1337 158 1375 ὁ
173 1336 208 1383 wig
221 1340 298 1391 φλέβας
312 1336 420 1387 ὁχετεύσας,
434 1340 464 1383 τίς
476 1335 521 1376 ὁτά
536 1338 596 1377 ὀστέα
610 1337 737 1390 στερροποιή-
748 1348 767 1377 18

147 1457 161 1487 5.
173 1442 272 1498 ταχυτοὶτηυ]
285 1457 307 1488 sie
317 1456 401 1495 Velseuius,
414 1457 497 1498 ταχύτητοι
510 1457 539 1499 τὴν
553 1457 594 1489 libri.
646 1457 703 1490 8-9.
715 1455 736 1489 δι>
753 1462 756 1478 ¹

147 1503 166 1538 ιδυ
173 1527 190 1531 -
198 1507 256 1544 τάξεως
268 1522 297 1539 orn.
309 1509 348 1538 Patr.
407 1508 422 1540 8.
433 1509 509 1547 ποιεῖται]
521 1515 563 1540 ποιεῖ
573 1509 614 1540 libri.
674 1510 698 1540 10.
709 1510 737 1540 τὸν

148 1558 249 1600 δημιουργὸν]
260 1559 281 1589 sie
292 1560 337 1596 Patr,
348 1571 378 1590 om.
390 1560 438 1591 ceteri,
487 1559 593 1600 11.τηςοω.
605 1561 624 1590 A.
673 1560 697 1590 13.
710 1562 735 1599 δη·
777 1567 779 1570 ’

146 1609 264 1652 μιοιιρμηιιατας
276 1611 303 1640 ΑΒ
315 1611 329 1640 T
330 1623 362 1642 nrn.
374 1611 422 1641 Fluss.

104 1727 174 1770 sumptis
181 1726 237 1758 volare
247 1728 264 1758 in
276 1731 333 1766 a'e'rem,
345 1733 362 1759 et
372 1738 408 1758 cnm
418 1726 481 1758 medius
493 1738 538 1759 esses
549 1727 622 1760 sublatus
630 1728 737 1760 interterram

105 1782 121 1808 el
129 1775 190 1809 eaelum
197 1776 252 1810 uidere
259 1783 311 1810 terrae
319 1777 421 1818 soliditatem,
432 1779 481 1810 maris
488 1777 573 1818 fusionem,
585 1779 671 1811 fluviorum
678 1778 737 1818 fluxus,

103 1830 146 1861 aeris
157 1828 244 1869 laxitatem,
256 1829 297 1874 iguis
308 1829 418 1869 velocitatem,
430 1835 510 1862 astrorum
521 1841 591 1870 cursum,
603 1829 643 1862 caeli
653 1829 737 1862 velocissi-

104 1893 147 1913 mum
158 1882 200 1913 eirea
210 1880 250 1913 haec
261 1881 342 1913 ambitum.
362 1880 493 1925 ospeetaeulum,
504 1879 534 1921 fili,
545 1880 694 1920 fortunatissimum,
705 1891 737 1913 uno

104 1933 164 1964 intuitu
174 1932 214 1964 haro
225 1933 277 1964 omnia
288 1932 352 1972 intueri,
363 1931 461 1964 immobilem
471 1933 540 1974 moveri,
548 1944 582 1965 non
592 1932 674 1966 visibilem
681 1932 737 1972 videri,

104 1995 134 2027 per
145 1994 163 2015 ea
175 1995 215 2026 quae
225 1982 281 2016 mundi
292 1983 364 2016 ordinem
376 1989 392 2016 et
403 1983 465 2016 ordinis
475 1983 553 2017 muudum
563 1983 639 2017 efficiunt.

136 2033 155 2067 Si
166 2036 191 2067 uis
203 2035 277 2079 opificem
289 2037 335 2067 etiam
346 2047 376 2079 per
386 2034 459 2068 mortalia
471 2047 511 2080 quae
521 2037 539 2067 in
549 2040 591 2067 terra
603 2040 619 2067 et
629 2037 646 2068 in
656 2034 738 2080 profundo

104 2092 142 2118 sunt
153 2087 221 2125 intueri,
235 2087 295 2130 cogita,
309 2099 318 2119 o
330 2086 362 2126 fili,
375 2086 446 2118 hominis
457 2087 475 2118 in
484 2091 531 2118 utero
546 2085 629 2125 fabricam,
644 2093 661 2119 et
674 2087 738 2133 opificis

106 2142 161 2169 exacte
172 2136 257 2169 artificium
269 2137 348 2181 expende,
363 2143 379 2170 et
390 2137 435 2183 disee
448 2139 521 2181 quisnam
535 2137 593 2171 artifex
603 2138 687 2183 pulchram
697 2138 738 2171 hanc

106 2193 122 2219 et
133 2188 202 2221 divinam
213 2188 283 2221 hominis
298 2189 381 2231 imaginem
396 2187 492 2221 condiderit,
514 2191 586 2235 quisnam
600 2196 625 2222 est
639 2191 668 2235 qui
681 2188 737 2223 oeulos

106 2239 237 2285 circumscripsil,
249 2241 286 2285 quis
297 2251 344 2272 nares
356 2245 372 2271 et
383 2252 429 2273 aures
440 2240 533 2285 perforavit,
545 2243 581 2286 quis
593 2253 612 2274 os
623 2241 691 2286 apernit,
702 2241 738 2284 quis

105 2301 164 2322 nervos
176 2291 247 2324 extendit
258 2297 274 2324 et
289 2290 376 2336 colligavit,
391 2293 465 2336 quisnam
478 2304 527 2326 venas
538 2294 556 2325 iu
567 2292 631 2325 annales
644 2291 738 2332 efformavit,

105 2343 142 2386 quis
154 2353 191 2374 ossa
202 2342 289 2383 induravit,
305 2344 341 2388 quis
355 2345 399 2377 cami
410 2349 462 2377 eutem
477 2343 590 2384 circumdedit,
605 2344 640 2388 quis
652 2343 711 2387 digitos
723 2350 739 2376 et
