<?xml version="1.0" encoding="UTF-8"?>
<!DOCTYPE html PUBLIC "-//W3C//DTD XHTML 1.0 Transitional//EN"
    "http://www.w3.org/TR/xhtml1/DTD/xhtml1-transitional.dtd">
<html xmlns="http://www.w3.org/1999/xhtml" xml:lang="en" lang="en">
 <head>
  <title>
</title>
<meta http-equiv="Content-Type" content="text/html;charset=utf-8" />
  <meta name='ocr-system' content='tesseract 3.04.00' />
  <meta name='ocr-capabilities' content='ocr_page ocr_carea ocr_par ocr_line ocrx_word'/>
</head>
<body>
  <div class='ocr_page' id='page_1' title='image "./MN40039ucmf_5_0047.png"; bbox 0 0 1591 2531; ppageno 0'>
   <div class='ocr_carea' id='block_1_1' title="bbox 33 144 665 188">
    <p class='ocr_par' dir='ltr' id='par_1_1' title="bbox 33 144 665 188">
     <span class='ocr_line' id='line_1_1' title="bbox 33 144 665 188; baseline -0.003 -11"><span class='ocrx_word' id='word_1_1' title='bbox 33 158 65 187; x_wconf 79' lang='lat' dir='ltr'><strong>cap.</strong></span> <span class='ocrx_word' id='word_1_2' title='bbox 77 145 91 176; x_wconf 94' lang='lat' dir='ltr'><strong>l.</strong></span> <span class='ocrx_word' id='word_1_3' title='bbox 265 177 268 183; x_wconf 69' lang='grc'><em>,</em></span> <span class='ocrx_word' id='word_1_4' title='bbox 296 144 401 188; x_wconf 76' lang='grc' dir='ltr'><em>Ποιμάνδρης.</em></span> <span class='ocrx_word' id='word_1_5' title='bbox 645 146 665 176; x_wconf 83' lang='lat' dir='ltr'><strong>ll</strong></span> 
     </span>
    </p>
   </div>
   <div class='ocr_carea' id='block_1_2' title="bbox 14 232 708 819">
    <p class='ocr_par' dir='ltr' id='par_1_2' title="bbox 34 232 666 355">
     <span class='ocr_line' id='line_1_2' title="bbox 34 232 666 284; baseline -0.003 -5"><span class='ocrx_word' id='word_1_6' title='bbox 34 240 100 284; x_wconf 72' lang='grc' dir='ltr'><em>ἔννους</em></span> <span class='ocrx_word' id='word_1_7' title='bbox 113 234 184 276; x_wconf 79' lang='grc' dir='ltr'><em>ἑαυτὸν</em></span> <span class='ocrx_word' id='word_1_8' title='bbox 198 232 247 274; x_wconf 74' lang='grc' dir='ltr'><em>ὄντα</em></span> <span class='ocrx_word' id='word_1_9' title='bbox 261 233 368 275; x_wconf 73' lang='grc' dir='ltr'><em>ἀθάνατον</em></span> <span class='ocrx_word' id='word_1_10' title='bbox 381 236 462 278; x_wconf 85' lang='grc' dir='ltr'><em>καὶτὸν</em></span> <span class='ocrx_word' id='word_1_11' title='bbox 475 236 540 277; x_wconf 89' lang='grc' dir='ltr'><em>αίτιον</em></span> <span class='ocrx_word' id='word_1_12' title='bbox 549 239 585 276; x_wconf 87' lang='grc' dir='ltr'><strong>τοῦ</strong></span> <span class='ocrx_word' id='word_1_13' title='bbox 597 237 666 278; x_wconf 69' lang='grc' dir='ltr'><em>θανά-</em></span> 
     </span>
     <span class='ocr_line' id='line_1_3' title="bbox 34 300 487 355; baseline -0.002 -10"><span class='ocrx_word' id='word_1_14' title='bbox 34 321 70 345; x_wconf 91' lang='grc' dir='ltr'><strong>του</strong></span> <span class='ocrx_word' id='word_1_15' title='bbox 82 306 146 355; x_wconf 69' lang='grc' dir='ltr'><em>ἔρωτα</em></span> <span class='ocrx_word' id='word_1_16' title='bbox 159 301 255 353; x_wconf 76' lang='grc' dir='ltr'><em>σώματος,</em></span> <span class='ocrx_word' id='word_1_17' title='bbox 268 303 302 341; x_wconf 85' lang='grc' dir='ltr'><em>καὶ</em></span> <span class='ocrx_word' id='word_1_18' title='bbox 315 300 382 341; x_wconf 87' lang='grc' dir='ltr'><em>πάντα</em></span> <span class='ocrx_word' id='word_1_19' title='bbox 394 302 420 342; x_wconf 77' lang='grc' dir='ltr'><strong>τά</strong></span> <span class='ocrx_word' id='word_1_20' title='bbox 433 302 487 344; x_wconf 78' lang='grc' dir='ltr'><em>ὄντα.</em></span> 
     </span>
    </p>

    <p class='ocr_par' dir='ltr' id='par_1_3' title="bbox 14 366 707 554">
     <span class='ocr_line' id='line_1_4' title="bbox 14 366 707 422; baseline 0.006 -15"><span class='ocrx_word' id='word_1_21' title='bbox 14 378 23 407; x_wconf 80' lang='grc'>3</span> <span class='ocrx_word' id='word_1_22' title='bbox 91 372 154 409; x_wconf 85' lang='grc' dir='ltr'><em>Τοῦτο</em></span> <span class='ocrx_word' id='word_1_23' title='bbox 170 366 259 415; x_wconf 84' lang='grc' dir='ltr'><em>είπόντος</em></span> <span class='ocrx_word' id='word_1_24' title='bbox 273 368 284 416; x_wconf 81' lang='grc' dir='ltr'><em>ἡ</em></span> <span class='ocrx_word' id='word_1_25' title='bbox 298 366 383 421; x_wconf 84' lang='grc' dir='ltr'><em>πρόνοια</em></span> <span class='ocrx_word' id='word_1_26' title='bbox 401 367 434 407; x_wconf 74' lang='grc' dir='ltr'><strong>διὰ</strong></span> <span class='ocrx_word' id='word_1_27' title='bbox 449 372 485 417; x_wconf 82' lang='grc' dir='ltr'><strong>τῆς</strong></span> <span class='ocrx_word' id='word_1_28' title='bbox 502 371 622 422; x_wconf 81' lang='grc' dir='ltr'><em>εἱμαρμένης</em></span> <span class='ocrx_word' id='word_1_29' title='bbox 635 372 668 408; x_wconf 84' lang='grc' dir='ltr'><em>καί</em></span> <span class='ocrx_word' id='word_1_30' title='bbox 683 371 707 411; x_wconf 82' lang='grc'><strong>19</strong></span> 
     </span>
     <span class='ocr_line' id='line_1_5' title="bbox 35 432 667 488; baseline 0 -13"><span class='ocrx_word' id='word_1_31' title='bbox 35 437 132 488; x_wconf 76' lang='grc' dir='ltr'><em>ἁρμονίας</em></span> <span class='ocrx_word' id='word_1_32' title='bbox 141 434 177 481; x_wconf 75' lang='grc' dir='ltr'><em>τοὶς</em></span> <span class='ocrx_word' id='word_1_33' title='bbox 185 434 246 486; x_wconf 77' lang='grc' dir='ltr'><em>μίξεις</em></span> <span class='ocrx_word' id='word_1_34' title='bbox 255 432 362 483; x_wconf 74' lang='grc' dir='ltr'><em>ἐποιήσατο</em></span> <span class='ocrx_word' id='word_1_35' title='bbox 371 435 405 472; x_wconf 88' lang='grc' dir='ltr'><em>καὶ</em></span> <span class='ocrx_word' id='word_1_36' title='bbox 417 432 453 480; x_wconf 76' lang='grc' dir='ltr'><strong>τὰς</strong></span> <span class='ocrx_word' id='word_1_37' title='bbox 462 439 544 484; x_wconf 78' lang='grc' dir='ltr'><em>γενέσεις</em></span> <span class='ocrx_word' id='word_1_38' title='bbox 553 438 667 484; x_wconf 82' lang='grc' dir='ltr'><em>κατέστησε.</em></span> 
     </span>
     <span class='ocr_line' id='line_1_6' title="bbox 34 498 668 554; baseline -0.002 -13"><span class='ocrx_word' id='word_1_39' title='bbox 34 504 68 541; x_wconf 82' lang='grc' dir='ltr'><em>καὶ</em></span> <span class='ocrx_word' id='word_1_40' title='bbox 80 501 202 551; x_wconf 73' lang='grc' dir='ltr'><em>ἐπληθύνθη</em></span> <span class='ocrx_word' id='word_1_41' title='bbox 211 499 262 541; x_wconf 76' lang='grc' dir='ltr'><em>κατὰ</em></span> <span class='ocrx_word' id='word_1_42' title='bbox 271 504 328 551; x_wconf 74' lang='grc' dir='ltr'><em>γένος</em></span> <span class='ocrx_word' id='word_1_43' title='bbox 341 498 367 540; x_wconf 76' lang='grc' dir='ltr'><strong>τά</strong></span> <span class='ocrx_word' id='word_1_44' title='bbox 380 500 452 540; x_wconf 87' lang='grc' dir='ltr'><em>πάντα.</em></span> <span class='ocrx_word' id='word_1_45' title='bbox 466 502 499 538; x_wconf 83' lang='grc' dir='ltr'><em>καὶ</em></span> <span class='ocrx_word' id='word_1_46' title='bbox 508 502 519 540; x_wconf 87' lang='grc' dir='ltr'><strong>ὁ</strong></span> <span class='ocrx_word' id='word_1_47' title='bbox 528 502 668 554; x_wconf 74' lang='grc' dir='ltr'><strong>ἀναγνωρίσεις</strong></span> 
     </span>
    </p>

    <p class='ocr_par' dir='ltr' id='par_1_4' title="bbox 15 564 708 750">
     <span class='ocr_line' id='line_1_7' title="bbox 15 564 667 620; baseline -0.002 -13"><span class='ocrx_word' id='word_1_48' title='bbox 15 566 105 610; x_wconf 75' lang='grc' dir='ltr'><em>υὲαυτὸυ</em></span> <span class='ocrx_word' id='word_1_49' title='bbox 119 567 216 617; x_wconf 76' lang='grc' dir='ltr'><strong>ἐλήλυθεν</strong></span> <span class='ocrx_word' id='word_1_50' title='bbox 230 572 256 613; x_wconf 79' lang='grc' dir='ltr'><em>εἰς</em></span> <span class='ocrx_word' id='word_1_51' title='bbox 269 567 292 606; x_wconf 86' lang='grc' dir='ltr'><strong>τὸ</strong></span> <span class='ocrx_word' id='word_1_52' title='bbox 301 566 414 620; x_wconf 79' lang='grc' dir='ltr'><em>περιούσιον</em></span> <span class='ocrx_word' id='word_1_53' title='bbox 428 564 516 617; x_wconf 75' lang='grc' dir='ltr'><em>ἀγαθόν,</em></span> <span class='ocrx_word' id='word_1_54' title='bbox 530 566 541 605; x_wconf 82' lang='grc' dir='ltr'>ὁ</span> <span class='ocrx_word' id='word_1_55' title='bbox 555 568 575 605; x_wconf 79' lang='grc' dir='ltr'><strong>δὲ</strong></span> <span class='ocrx_word' id='word_1_56' title='bbox 588 565 667 618; x_wconf 77' lang='grc' dir='ltr'><em>ἀγαπή-</em></span> 
     </span>
     <span class='ocr_line' id='line_1_8' title="bbox 36 630 667 684; baseline -0.003 -9"><span class='ocrx_word' id='word_1_57' title='bbox 36 651 72 681; x_wconf 85' lang='grc' dir='ltr'><strong>σας</strong></span> <span class='ocrx_word' id='word_1_58' title='bbox 85 634 108 674; x_wconf 81' lang='grc' dir='ltr'><strong>τὸ</strong></span> <span class='ocrx_word' id='word_1_59' title='bbox 122 641 143 674; x_wconf 84' lang='grc' dir='ltr'><strong>ὲκ</strong></span> <span class='ocrx_word' id='word_1_60' title='bbox 156 632 232 681; x_wconf 78' lang='grc' dir='ltr'><em>πλάνης</em></span> <span class='ocrx_word' id='word_1_61' title='bbox 246 636 317 684; x_wconf 65' lang='grc' dir='ltr'><em>ἔρωτος</em></span> <span class='ocrx_word' id='word_1_62' title='bbox 331 636 393 684; x_wconf 77' lang='grc' dir='ltr'><em>σῶμα,</em></span> <span class='ocrx_word' id='word_1_63' title='bbox 408 630 466 679; x_wconf 81' lang='grc' dir='ltr'><em>οὗτος</em></span> <span class='ocrx_word' id='word_1_64' title='bbox 478 636 533 684; x_wconf 77' lang='grc' dir='ltr'><em>μένει</em></span> <span class='ocrx_word' id='word_1_65' title='bbox 546 636 567 671; x_wconf 83' lang='grc' dir='ltr'><strong>ὲν</strong></span> <span class='ocrx_word' id='word_1_66' title='bbox 580 635 608 683; x_wconf 58' lang='lat' dir='ltr'><strong>na*</strong></span> <span class='ocrx_word' id='word_1_67' title='bbox 621 632 667 673; x_wconf 86' lang='grc' dir='ltr'><em>σκό-</em></span> 
     </span>
     <span class='ocr_line' id='line_1_9' title="bbox 35 696 708 750; baseline -0.006 -10"><span class='ocrx_word' id='word_1_68' title='bbox 35 716 64 740; x_wconf 84' lang='grc' dir='ltr'><em>τει</em></span> <span class='ocrx_word' id='word_1_69' title='bbox 77 699 209 750; x_wconf 81' lang='grc' dir='ltr'><em>πλανώμενος,</em></span> <span class='ocrx_word' id='word_1_70' title='bbox 223 700 326 745; x_wconf 71' lang='grc' dir='ltr'><em>αίσθητῶς</em></span> <span class='ocrx_word' id='word_1_71' title='bbox 338 698 420 750; x_wconf 73' lang='grc' dir='ltr'><em>πάσχων</em></span> <span class='ocrx_word' id='word_1_72' title='bbox 432 697 458 738; x_wconf 82' lang='grc' dir='ltr'><strong>τοί</strong></span> <span class='ocrx_word' id='word_1_73' title='bbox 472 701 509 737; x_wconf 75' lang='grc' dir='ltr'><strong>τοῦ</strong></span> <span class='ocrx_word' id='word_1_74' title='bbox 521 696 621 737; x_wconf 72' lang='grc' dir='ltr'><em>θανάτου.</em></span> <span class='ocrx_word' id='word_1_75' title='bbox 644 700 669 736; x_wconf 79' lang='grc' dir='ltr'><strong>Τί</strong></span> <span class='ocrx_word' id='word_1_76' title='bbox 682 703 708 742; x_wconf 81' lang='lat'><strong>20</strong></span> 
     </span>
    </p>

    <p class='ocr_par' dir='ltr' id='par_1_5' title="bbox 15 763 669 819">
     <span class='ocr_line' id='line_1_10' title="bbox 15 763 669 819; baseline -0.008 -12"><span class='ocrx_word' id='word_1_77' title='bbox 15 769 132 807; x_wconf 84' lang='grc' dir='ltr'><em>9τοσοῡτον</em></span> <span class='ocrx_word' id='word_1_78' title='bbox 149 763 306 816; x_wconf 85' lang='grc' dir='ltr'><em>ἁμαρτάνουσιν,</em></span> <span class='ocrx_word' id='word_1_79' title='bbox 320 766 371 819; x_wconf 70' lang='grc' dir='ltr'><em>ἐ’φην</em></span> <span class='ocrx_word' id='word_1_80' title='bbox 388 764 433 814; x_wconf 74' lang='grc' dir='ltr'><strong>ἐγώ,</strong></span> <span class='ocrx_word' id='word_1_81' title='bbox 455 767 474 804; x_wconf 91' lang='grc' dir='ltr'><strong>οί</strong></span> <span class='ocrx_word' id='word_1_82' title='bbox 490 763 619 816; x_wconf 75' lang='grc' dir='ltr'><em>ἀγνοοῦντες,</em></span> <span class='ocrx_word' id='word_1_83' title='bbox 635 766 669 804; x_wconf 91' lang='grc' dir='ltr'><em>ίνα</em></span> 
     </span>
    </p>
   </div>
   <div class='ocr_carea' id='block_1_3' title="bbox 36 825 669 885">
    <p class='ocr_par' dir='ltr' id='par_1_6' title="bbox 36 825 669 885">
     <span class='ocr_line' id='line_1_11' title="bbox 36 825 669 885; baseline -0.006 -13"><span class='ocrx_word' id='word_1_84' title='bbox 36 834 150 885; x_wconf 78' lang='grc' dir='ltr'><em>στερηθῶσι</em></span> <span class='ocrx_word' id='word_1_85' title='bbox 167 833 203 878; x_wconf 81' lang='grc' dir='ltr'><strong>τῆς</strong></span> <span class='ocrx_word' id='word_1_86' title='bbox 216 830 344 879; x_wconf 66' lang='grc' dir='ltr'><em>ἀθανασίαςς</em></span> <span class='ocrx_word' id='word_1_87' title='bbox 354 827 437 877; x_wconf 82' lang='grc' dir='ltr'><em>Ἔοικας,</em></span> <span class='ocrx_word' id='word_1_88' title='bbox 451 833 521 883; x_wconf 90' lang='grc' dir='ltr'><em>φησίν,</em></span> <span class='ocrx_word' id='word_1_89' title='bbox 535 825 551 868; x_wconf 78' lang='grc' dir='ltr'><em>ὦ</em></span> <span class='ocrx_word' id='word_1_90' title='bbox 564 825 627 877; x_wconf 77' lang='grc' dir='ltr'><em>οὗτος,</em></span> <span class='ocrx_word' id='word_1_91' title='bbox 640 827 669 880; x_wconf 79' lang='grc' dir='ltr'><strong>μὴ</strong></span> 
     </span>
    </p>
   </div>
   <div class='ocr_carea' id='block_1_4' title="bbox 6 892 671 1214">
    <p class='ocr_par' dir='ltr' id='par_1_7' title="bbox 6 892 671 1214">
     <span class='ocr_line' id='line_1_12' title="bbox 35 892 669 954; baseline -0.003 -17"><span class='ocrx_word' id='word_1_92' title='bbox 35 900 186 954; x_wconf 77' lang='grc' dir='ltr'><em>πεφροντικέναι</em></span> <span class='ocrx_word' id='word_1_93' title='bbox 195 892 222 936; x_wconf 80' lang='grc' dir='ltr'><strong>ὦν</strong></span> <span class='ocrx_word' id='word_1_94' title='bbox 230 893 323 944; x_wconf 77' lang='grc' dir='ltr'><em>ἤκουσας,</em></span> <span class='ocrx_word' id='word_1_95' title='bbox 332 895 367 935; x_wconf 84' lang='grc' dir='ltr'><strong>οὐκ</strong></span> <span class='ocrx_word' id='word_1_96' title='bbox 377 898 428 949; x_wconf 75' lang='grc' dir='ltr'><em>ἐ’φην</em></span> <span class='ocrx_word' id='word_1_97' title='bbox 437 902 469 935; x_wconf 89' lang='grc' dir='ltr'><em>σοι</em></span> <span class='ocrx_word' id='word_1_98' title='bbox 478 901 541 944; x_wconf 67' lang='grc' dir='ltr'><em>νοεῖν,</em></span> <span class='ocrx_word' id='word_1_99' title='bbox 550 897 604 942; x_wconf 71' lang='lat' dir='ltr'><strong>Novi,</strong></span> <span class='ocrx_word' id='word_1_100' title='bbox 613 897 669 949; x_wconf 67' lang='grc' dir='ltr'><em>ἔφην,</em></span> 
     </span>
     <span class='ocr_line' id='line_1_13' title="bbox 6 959 670 1016; baseline -0.005 -13"><span class='ocrx_word' id='word_1_101' title='bbox 6 973 25 1003; x_wconf 84' lang='grc'><strong>12</strong></span> <span class='ocrx_word' id='word_1_102' title='bbox 35 966 69 1004; x_wconf 86' lang='grc' dir='ltr'><em>καὶ</em></span> <span class='ocrx_word' id='word_1_103' title='bbox 74 962 219 1015; x_wconf 84' lang='grc' dir='ltr'><em>μιμνήσκομαι·</em></span> <span class='ocrx_word' id='word_1_104' title='bbox 229 962 335 1016; x_wconf 72' lang='grc' dir='ltr'><em>εὐχαριστῶ</em></span> <span class='ocrx_word' id='word_1_105' title='bbox 344 964 365 1002; x_wconf 75' lang='grc' dir='ltr'><strong>δὲ</strong></span> <span class='ocrx_word' id='word_1_106' title='bbox 372 960 415 1012; x_wconf 84' lang='grc' dir='ltr'><em>ίίμα</em></span> <span class='ocrx_word' id='word_1_107' title='bbox 424 963 462 1002; x_wconf 91' lang='grc' dir='ltr'><em>σοί.</em></span> <span class='ocrx_word' id='word_1_108' title='bbox 472 963 492 1001; x_wconf 83' lang='lat' dir='ltr'><em>E</em></span> <span class='ocrx_word' id='word_1_109' title='bbox 492 965 498 1001; x_wconf 92' lang='grc' dir='ltr'><em>ί</em></span> <span class='ocrx_word' id='word_1_110' title='bbox 504 959 593 1009; x_wconf 78' lang='grc' dir='ltr'><em>ἐνόησας,</em></span> <span class='ocrx_word' id='word_1_111' title='bbox 602 962 670 1016; x_wconf 86' lang='grc' dir='ltr'><em>φησίν,</em></span> 
     </span>
     <span class='ocr_line' id='line_1_14' title="bbox 37 1020 671 1082; baseline -0.006 -12"><span class='ocrx_word' id='word_1_112' title='bbox 37 1033 79 1070; x_wconf 69' lang='lat' dir='ltr'><strong>aiiii</strong></span> <span class='ocrx_word' id='word_1_113' title='bbox 90 1044 129 1082; x_wconf 87' lang='grc' dir='ltr'><em>μοι,</em></span> <span class='ocrx_word' id='word_1_114' title='bbox 140 1020 179 1069; x_wconf 70' lang='grc' dir='ltr'><strong>διά</strong></span> <span class='ocrx_word' id='word_1_115' title='bbox 189 1030 208 1068; x_wconf 94' lang='grc' dir='ltr'><strong>τί</strong></span> <span class='ocrx_word' id='word_1_116' title='bbox 222 1027 275 1077; x_wconf 81' lang='grc' dir='ltr'><em>ίίξιοί</em></span> <span class='ocrx_word' id='word_1_117' title='bbox 288 1033 325 1068; x_wconf 81' lang='grc' dir='ltr'><em>είσι</em></span> <span class='ocrx_word' id='word_1_118' title='bbox 338 1030 374 1069; x_wconf 81' lang='grc' dir='ltr'><strong>τοῦ</strong></span> <span class='ocrx_word' id='word_1_119' title='bbox 383 1027 476 1068; x_wconf 73' lang='grc' dir='ltr'><em>θανάτου</em></span> <span class='ocrx_word' id='word_1_120' title='bbox 490 1031 509 1067; x_wconf 93' lang='grc' dir='ltr'><strong>οί</strong></span> <span class='ocrx_word' id='word_1_121' title='bbox 518 1032 539 1067; x_wconf 82' lang='grc' dir='ltr'><strong>ὲν</strong></span> <span class='ocrx_word' id='word_1_122' title='bbox 548 1028 576 1078; x_wconf 78' lang='grc' dir='ltr'><strong>τῷ</strong></span> <span class='ocrx_word' id='word_1_123' title='bbox 585 1026 671 1077; x_wconf 75' lang='grc' dir='ltr'><em>θανάτῳ</em></span> 
     </span>
     <span class='ocr_line' id='line_1_15' title="bbox 37 1090 670 1149; baseline -0.005 -13"><span class='ocrx_word' id='word_1_124' title='bbox 37 1094 97 1142; x_wconf 75' lang='grc' dir='ltr'><em>ὄντες.</em></span> <span class='ocrx_word' id='word_1_125' title='bbox 108 1094 152 1135; x_wconf 84' lang='grc' dir='ltr'><strong>Ὅτι</strong></span> <span class='ocrx_word' id='word_1_126' title='bbox 164 1098 322 1147; x_wconf 80' lang='grc' dir='ltr'><em>προκατίρχεται,</em></span> <span class='ocrx_word' id='word_1_127' title='bbox 336 1097 393 1149; x_wconf 86' lang='grc' dir='ltr'><em>φημί,</em></span> <span class='ocrx_word' id='word_1_128' title='bbox 406 1098 443 1134; x_wconf 84' lang='grc' dir='ltr'><strong>τοῦ</strong></span> <span class='ocrx_word' id='word_1_129' title='bbox 456 1096 528 1134; x_wconf 89' lang='grc' dir='ltr'><em>οίκείου</em></span> <span class='ocrx_word' id='word_1_130' title='bbox 542 1092 633 1145; x_wconf 79' lang='grc' dir='ltr'><em>σώματος</em></span> <span class='ocrx_word' id='word_1_131' title='bbox 646 1090 670 1133; x_wconf 79' lang='grc' dir='ltr'><strong>τὸ</strong></span> 
     </span>
     <span class='ocr_line' id='line_1_16' title="bbox 7 1156 670 1214; baseline -0.008 -11"><span class='ocrx_word' id='word_1_132' title='bbox 7 1174 26 1204; x_wconf 83' lang='lat'><strong>15</strong></span> <span class='ocrx_word' id='word_1_133' title='bbox 37 1158 121 1212; x_wconf 79' lang='grc' dir='ltr'><em>στυγνὰν</em></span> <span class='ocrx_word' id='word_1_134' title='bbox 138 1159 218 1208; x_wconf 87' lang='grc' dir='ltr'><em>σκότος,</em></span> <span class='ocrx_word' id='word_1_135' title='bbox 235 1160 256 1208; x_wconf 77' lang='grc' dir='ltr'><strong>ἐξ</strong></span> <span class='ocrx_word' id='word_1_136' title='bbox 273 1157 297 1200; x_wconf 84' lang='grc' dir='ltr'><strong>οὗ</strong></span> <span class='ocrx_word' id='word_1_137' title='bbox 313 1160 326 1209; x_wconf 78' lang='grc' dir='ltr'><em>ἡ</em></span> <span class='ocrx_word' id='word_1_138' title='bbox 343 1157 394 1211; x_wconf 80' lang='grc' dir='ltr'><em>ὑγρά</em></span> <span class='ocrx_word' id='word_1_139' title='bbox 411 1159 479 1214; x_wconf 78' lang='grc' dir='ltr'><em>φύσις,</em></span> <span class='ocrx_word' id='word_1_140' title='bbox 496 1161 517 1208; x_wconf 73' lang='grc' dir='ltr'><strong>ἐξ</strong></span> <span class='ocrx_word' id='word_1_141' title='bbox 533 1156 557 1208; x_wconf 78' lang='grc' dir='ltr'><strong>ἧς</strong></span> <span class='ocrx_word' id='word_1_142' title='bbox 574 1158 598 1199; x_wconf 65' lang='lat' dir='ltr'><strong>no*</strong></span> <span class='ocrx_word' id='word_1_143' title='bbox 612 1161 670 1211; x_wconf 77' lang='grc' dir='ltr'><em>σῶμα</em></span> 
     </span>
    </p>
   </div>
   <div class='ocr_carea' id='block_1_5' title="bbox 41 1356 715 1658">
    <p class='ocr_par' dir='ltr' id='par_1_8' title="bbox 80 1356 715 1503">
     <span class='ocr_line' id='line_1_17' title="bbox 81 1356 671 1402; baseline -0.003 -12"><span class='ocrx_word' id='word_1_144' title='bbox 81 1360 95 1390; x_wconf 89' lang='lat' dir='ltr'><strong>l.</strong></span> <span class='ocrx_word' id='word_1_145' title='bbox 107 1359 115 1389; x_wconf 80' lang='grc' dir='ltr'>ὁ</span> <span class='ocrx_word' id='word_1_146' title='bbox 127 1358 185 1398; x_wconf 70' lang='grc' dir='ltr'><em>ἔννους]</em></span> <span class='ocrx_word' id='word_1_147' title='bbox 201 1356 239 1392; x_wconf 61' lang='lat' dir='ltr'><strong>aiio}</strong></span> <span class='ocrx_word' id='word_1_148' title='bbox 252 1359 270 1397; x_wconf 86' lang='lat' dir='ltr'><strong>(i.</strong></span> <span class='ocrx_word' id='word_1_149' title='bbox 282 1371 294 1389; x_wconf 82' lang='lat' dir='ltr'><strong>e.</strong></span> <span class='ocrx_word' id='word_1_150' title='bbox 306 1357 402 1402; x_wconf 74' lang='grc' dir='ltr'><em>ἅνθρωπος)</em></span> <span class='ocrx_word' id='word_1_151' title='bbox 412 1360 432 1390; x_wconf 91' lang='grc' dir='ltr'><strong>Β.</strong></span> <span class='ocrx_word' id='word_1_152' title='bbox 474 1359 490 1388; x_wconf 75' lang='lat'><strong>2.</strong></span> <span class='ocrx_word' id='word_1_153' title='bbox 502 1357 582 1400; x_wconf 73' lang='grc' dir='ltr'><em>σώματος]</em></span> <span class='ocrx_word' id='word_1_154' title='bbox 597 1359 618 1389; x_wconf 81' lang='lat' dir='ltr'><strong>sic</strong></span> <span class='ocrx_word' id='word_1_155' title='bbox 631 1360 671 1389; x_wconf 69' lang='lat' dir='ltr'><strong>Pam</strong></span> 
     </span>
     <span class='ocr_line' id='line_1_18' title="bbox 80 1408 715 1451; baseline -0.002 -9"><span class='ocrx_word' id='word_1_156' title='bbox 80 1424 111 1442; x_wconf 90' lang='lat' dir='ltr'><strong>om.</strong></span> <span class='ocrx_word' id='word_1_157' title='bbox 121 1411 182 1451; x_wconf 82' lang='lat' dir='ltr'><strong>reliqui.</strong></span> <span class='ocrx_word' id='word_1_158' title='bbox 208 1409 223 1441; x_wconf 82' lang='grc'><strong>3,</strong></span> <span class='ocrx_word' id='word_1_159' title='bbox 234 1412 283 1441; x_wconf 80' lang='grc' dir='ltr'><em>τοῦτο</em></span> <span class='ocrx_word' id='word_1_160' title='bbox 294 1422 324 1441; x_wconf 66' lang='lat' dir='ltr'><strong>om,</strong></span> <span class='ocrx_word' id='word_1_161' title='bbox 336 1411 376 1441; x_wconf 82' lang='lat' dir='ltr'><strong>Patr.</strong></span> <span class='ocrx_word' id='word_1_162' title='bbox 408 1411 423 1442; x_wconf 79' lang='grc'><strong>8,</strong></span> <span class='ocrx_word' id='word_1_163' title='bbox 434 1408 458 1449; x_wconf 88' lang='grc' dir='ltr'><strong>τί]</strong></span> <span class='ocrx_word' id='word_1_164' title='bbox 470 1411 497 1440; x_wconf 82' lang='grc' dir='ltr'><em>καί</em></span> <span class='ocrx_word' id='word_1_165' title='bbox 507 1413 525 1440; x_wconf 84' lang='grc' dir='ltr'><strong>τί</strong></span> <span class='ocrx_word' id='word_1_166' title='bbox 534 1411 553 1440; x_wconf 93' lang='lat' dir='ltr'><strong>B.</strong></span> <span class='ocrx_word' id='word_1_167' title='bbox 586 1409 611 1441; x_wconf 86' lang='grc'><strong>10.</strong></span> <span class='ocrx_word' id='word_1_168' title='bbox 623 1411 671 1450; x_wconf 77' lang='grc' dir='ltr'><em>φησίν</em></span> <span class='ocrx_word' id='word_1_169' title='bbox 712 1412 715 1417; x_wconf 81' lang='lat'>&#39;</span> 
     </span>
     <span class='ocr_line' id='line_1_19' title="bbox 80 1458 669 1503; baseline -0.003 -10"><span class='ocrx_word' id='word_1_170' title='bbox 80 1467 111 1493; x_wconf 74' lang='lat' dir='ltr'><strong>om&#39;.</strong></span> <span class='ocrx_word' id='word_1_171' title='bbox 119 1463 133 1492; x_wconf 78' lang='grc' dir='ltr'>Α</span> <span class='ocrx_word' id='word_1_172' title='bbox 142 1462 190 1493; x_wconf 84' lang='lat' dir='ltr'><strong>Turn.</strong></span> <span class='ocrx_word' id='word_1_173' title='bbox 198 1461 245 1492; x_wconf 86' lang='lat' dir='ltr'><strong>Fluss.</strong></span> <span class='ocrx_word' id='word_1_174' title='bbox 254 1458 262 1502; x_wconf 78' lang='grc' dir='ltr'>Η</span> <span class='ocrx_word' id='word_1_175' title='bbox 273 1460 302 1503; x_wconf 78' lang='grc' dir='ltr'><strong>μὴ]</strong></span> <span class='ocrx_word' id='word_1_176' title='bbox 310 1462 369 1503; x_wconf 71' lang='grc' dir='ltr'><em>τοῦμίη</em></span> <span class='ocrx_word' id='word_1_177' title='bbox 375 1462 389 1492; x_wconf 89' lang='grc' dir='ltr'>Α</span> <span class='ocrx_word' id='word_1_178' title='bbox 396 1461 444 1492; x_wconf 75' lang='lat' dir='ltr'><strong>Turn.</strong></span> <span class='ocrx_word' id='word_1_179' title='bbox 450 1461 499 1492; x_wconf 83' lang='lat' dir='ltr'><strong>Fluss.</strong></span> <span class='ocrx_word' id='word_1_180' title='bbox 522 1460 547 1492; x_wconf 91' lang='lat' dir='ltr'><strong>ll.</strong></span> <span class='ocrx_word' id='word_1_181' title='bbox 555 1462 593 1503; x_wconf 63' lang='grc' dir='ltr'><em>ἔφην</em></span> <span class='ocrx_word' id='word_1_182' title='bbox 599 1460 669 1499; x_wconf 82' lang='lat' dir='ltr'><strong>alterum]</strong></span> 
     </span>
    </p>

    <p class='ocr_par' dir='ltr' id='par_1_9' title="bbox 41 1507 671 1658">
     <span class='ocr_line' id='line_1_20' title="bbox 41 1507 671 1553; baseline -0.005 -9"><span class='ocrx_word' id='word_1_183' title='bbox 41 1507 43 1509; x_wconf 17' lang='lat' dir='ltr'>V</span> <span class='ocrx_word' id='word_1_184' title='bbox 81 1515 97 1545; x_wconf 72' lang='grc' dir='ltr'><strong>δὲ</strong></span> <span class='ocrx_word' id='word_1_185' title='bbox 107 1513 147 1544; x_wconf 77' lang='lat' dir='ltr'><strong>Patr.</strong></span> <span class='ocrx_word' id='word_1_186' title='bbox 161 1513 273 1544; x_wconf 57' lang='lat' dir='ltr'><strong>ommuni.</strong></span> <span class='ocrx_word' id='word_1_187' title='bbox 281 1512 329 1544; x_wconf 83' lang='lat' dir='ltr'><strong>Finss.</strong></span> <span class='ocrx_word' id='word_1_188' title='bbox 370 1511 395 1543; x_wconf 76' lang='lat'><strong>12.</strong></span> <span class='ocrx_word' id='word_1_189' title='bbox 407 1511 441 1552; x_wconf 84' lang='grc' dir='ltr'><em>σοί]</em></span> <span class='ocrx_word' id='word_1_190' title='bbox 452 1511 520 1542; x_wconf 81' lang='lat' dir='ltr'><strong>sioPatr.</strong></span> <span class='ocrx_word' id='word_1_191' title='bbox 528 1523 559 1542; x_wconf 90' lang='lat' dir='ltr'><strong>om.</strong></span> <span class='ocrx_word' id='word_1_192' title='bbox 569 1511 630 1553; x_wconf 87' lang='lat' dir='ltr'><strong>reliqui.</strong></span> <span class='ocrx_word' id='word_1_193' title='bbox 652 1511 671 1550; x_wconf 76' lang='grc' dir='ltr'><strong>εἰ]</strong></span> 
     </span>
     <span class='ocr_line' id='line_1_21' title="bbox 81 1560 671 1605; baseline -0.003 -10"><span class='ocrx_word' id='word_1_194' title='bbox 81 1566 132 1596; x_wconf 75' lang='grc' dir='ltr'><em>καὶεί</em></span> <span class='ocrx_word' id='word_1_195' title='bbox 143 1562 178 1605; x_wconf 85' lang='grc' dir='ltr'>Β.ΙΙ</span> <span class='ocrx_word' id='word_1_196' title='bbox 196 1566 243 1605; x_wconf 85' lang='grc' dir='ltr'><em>φησίν</em></span> <span class='ocrx_word' id='word_1_197' title='bbox 254 1564 423 1595; x_wconf 48' lang='lat' dir='ltr'><strong>omini-nitius&amp;</strong></span> <span class='ocrx_word' id='word_1_198' title='bbox 441 1562 471 1593; x_wconf 46' lang='lat'>¹14.</span> <span class='ocrx_word' id='word_1_199' title='bbox 482 1560 671 1605; x_wconf 53' lang='lat' dir='ltr'><strong>noomnizewnFlussil</strong></span> 
     </span>
     <span class='ocr_line' id='line_1_22' title="bbox 81 1611 510 1658; baseline 0 -12"><span class='ocrx_word' id='word_1_200' title='bbox 81 1617 122 1658; x_wconf 82' lang='grc' dir='ltr'><em>φημί</em></span> <span class='ocrx_word' id='word_1_201' title='bbox 133 1628 163 1646; x_wconf 88' lang='lat' dir='ltr'><strong>om.</strong></span> <span class='ocrx_word' id='word_1_202' title='bbox 174 1616 215 1646; x_wconf 82' lang='lat' dir='ltr'><strong>Patr.</strong></span> <span class='ocrx_word' id='word_1_203' title='bbox 261 1616 286 1646; x_wconf 83' lang='lat'><strong>15.</strong></span> <span class='ocrx_word' id='word_1_204' title='bbox 298 1611 324 1656; x_wconf 76' lang='grc' dir='ltr'><strong>ἧς]</strong></span> <span class='ocrx_word' id='word_1_205' title='bbox 335 1616 356 1646; x_wconf 88' lang='lat' dir='ltr'><strong>sic</strong></span> <span class='ocrx_word' id='word_1_206' title='bbox 366 1615 407 1646; x_wconf 76' lang='lat' dir='ltr'><strong>Patr.</strong></span> <span class='ocrx_word' id='word_1_207' title='bbox 419 1612 438 1647; x_wconf 73' lang='grc' dir='ltr'><strong>οὗ</strong></span> <span class='ocrx_word' id='word_1_208' title='bbox 449 1614 510 1655; x_wconf 76' lang='lat' dir='ltr'>reliqui.</span> 
     </span>
    </p>
   </div>
   <div class='ocr_carea' id='block_1_6' title="bbox 38 1790 674 2403">
    <p class='ocr_par' dir='ltr' id='par_1_10' title="bbox 38 1790 672 1877">
     <span class='ocr_line' id='line_1_23' title="bbox 38 1790 672 1840; baseline -0.002 -13"><span class='ocrx_word' id='word_1_209' title='bbox 38 1794 122 1840; x_wconf 83' lang='lat' dir='ltr'><strong>praeditus</strong></span> <span class='ocrx_word' id='word_1_210' title='bbox 133 1807 152 1825; x_wconf 79' lang='lat' dir='ltr'><strong>se</strong></span> <span class='ocrx_word' id='word_1_211' title='bbox 162 1795 215 1837; x_wconf 87' lang='lat' dir='ltr'><strong>ipsum</strong></span> <span class='ocrx_word' id='word_1_212' title='bbox 222 1790 333 1832; x_wconf 78' lang='lat' dir='ltr'><strong>immortalem,</strong></span> <span class='ocrx_word' id='word_1_213' title='bbox 345 1797 361 1824; x_wconf 86' lang='lat' dir='ltr'><strong>et</strong></span> <span class='ocrx_word' id='word_1_214' title='bbox 368 1803 440 1824; x_wconf 82' lang='lat' dir='ltr'><strong>caussam</strong></span> <span class='ocrx_word' id='word_1_215' title='bbox 448 1792 506 1824; x_wconf 81' lang='lat' dir='ltr'><strong>mortis</strong></span> <span class='ocrx_word' id='word_1_216' title='bbox 515 1803 585 1825; x_wconf 82' lang='lat' dir='ltr'><strong>amorem</strong></span> <span class='ocrx_word' id='word_1_217' title='bbox 593 1794 672 1837; x_wconf 80' lang='lat' dir='ltr'><strong>corporis,</strong></span> 
     </span>
     <span class='ocr_line' id='line_1_24' title="bbox 38 1844 177 1877; baseline -0.014 0"><span class='ocrx_word' id='word_1_218' title='bbox 38 1850 55 1877; x_wconf 91' lang='lat' dir='ltr'><strong>et</strong></span> <span class='ocrx_word' id='word_1_219' title='bbox 66 1844 118 1876; x_wconf 81' lang='lat' dir='ltr'><strong>omnia</strong></span> <span class='ocrx_word' id='word_1_220' title='bbox 130 1844 177 1876; x_wconf 80' lang='lat' dir='ltr'><strong>entia.</strong></span> 
     </span>
    </p>

    <p class='ocr_par' dir='ltr' id='par_1_11' title="bbox 38 1893 674 2403">
     <span class='ocr_line' id='line_1_25' title="bbox 69 1893 672 1940; baseline 0.002 -14"><span class='ocrx_word' id='word_1_221' title='bbox 69 1893 105 1926; x_wconf 87' lang='lat' dir='ltr'><strong>Hoo</strong></span> <span class='ocrx_word' id='word_1_222' title='bbox 116 1906 152 1927; x_wconf 80' lang='lat' dir='ltr'><strong>oum</strong></span> <span class='ocrx_word' id='word_1_223' title='bbox 163 1894 236 1933; x_wconf 79' lang='lat' dir='ltr'><strong>dixisset,</strong></span> <span class='ocrx_word' id='word_1_224' title='bbox 246 1893 349 1939; x_wconf 81' lang='lat' dir='ltr'><strong>providentia</strong></span> <span class='ocrx_word' id='word_1_225' title='bbox 356 1906 386 1940; x_wconf 86' lang='lat' dir='ltr'><strong>per</strong></span> <span class='ocrx_word' id='word_1_226' title='bbox 393 1893 442 1926; x_wconf 82' lang='lat' dir='ltr'><strong>fatum</strong></span> <span class='ocrx_word' id='word_1_227' title='bbox 453 1899 470 1926; x_wconf 81' lang='lat' dir='ltr'><strong>et</strong></span> <span class='ocrx_word' id='word_1_228' title='bbox 479 1893 577 1926; x_wconf 82' lang='lat' dir='ltr'><strong>harmoniam</strong></span> <span class='ocrx_word' id='word_1_229' title='bbox 588 1896 672 1927; x_wconf 81' lang='lat' dir='ltr'><strong>mistiones</strong></span> 
     </span>
     <span class='ocr_line' id='line_1_26' title="bbox 38 1944 673 1991; baseline 0 -12"><span class='ocrx_word' id='word_1_230' title='bbox 38 1946 92 1979; x_wconf 80' lang='lat' dir='ltr'><strong>offecit</strong></span> <span class='ocrx_word' id='word_1_231' title='bbox 103 1950 119 1977; x_wconf 87' lang='lat' dir='ltr'><strong>et</strong></span> <span class='ocrx_word' id='word_1_232' title='bbox 130 1946 241 1990; x_wconf 78' lang='lat' dir='ltr'><strong>generationes</strong></span> <span class='ocrx_word' id='word_1_233' title='bbox 252 1946 342 1978; x_wconf 80' lang='lat' dir='ltr'><strong>constituit.</strong></span> <span class='ocrx_word' id='word_1_234' title='bbox 353 1950 370 1978; x_wconf 88' lang='lat' dir='ltr'><strong>et</strong></span> <span class='ocrx_word' id='word_1_235' title='bbox 380 1944 486 1991; x_wconf 82' lang='lat' dir='ltr'><strong>multiplicata</strong></span> <span class='ocrx_word' id='word_1_236' title='bbox 496 1950 534 1978; x_wconf 87' lang='lat' dir='ltr'><strong>sunt</strong></span> <span class='ocrx_word' id='word_1_237' title='bbox 545 1946 562 1977; x_wconf 91' lang='lat' dir='ltr'><strong>in</strong></span> <span class='ocrx_word' id='word_1_238' title='bbox 573 1957 603 1978; x_wconf 84' lang='lat' dir='ltr'><strong>suo</strong></span> <span class='ocrx_word' id='word_1_239' title='bbox 614 1958 673 1991; x_wconf 79' lang='lat' dir='ltr'><strong>genere</strong></span> 
     </span>
     <span class='ocr_line' id='line_1_27' title="bbox 39 1996 672 2042; baseline 0 -12"><span class='ocrx_word' id='word_1_240' title='bbox 39 1998 97 2030; x_wconf 87' lang='lat' dir='ltr'><strong>omnia.</strong></span> <span class='ocrx_word' id='word_1_241' title='bbox 114 2003 137 2029; x_wconf 84' lang='lat' dir='ltr'><strong>et</strong></span> <span class='ocrx_word' id='word_1_242' title='bbox 147 1997 175 2042; x_wconf 84' lang='lat' dir='ltr'><strong>qui</strong></span> <span class='ocrx_word' id='word_1_243' title='bbox 186 1998 281 2042; x_wconf 75' lang='lat' dir='ltr'><strong>recognovit</strong></span> <span class='ocrx_word' id='word_1_244' title='bbox 291 2008 309 2029; x_wconf 86' lang='lat' dir='ltr'><strong>se</strong></span> <span class='ocrx_word' id='word_1_245' title='bbox 320 1998 373 2042; x_wconf 81' lang='lat' dir='ltr'><strong>ipsum</strong></span> <span class='ocrx_word' id='word_1_246' title='bbox 387 1998 431 2029; x_wconf 83' lang='lat' dir='ltr'><strong>venit</strong></span> <span class='ocrx_word' id='word_1_247' title='bbox 445 1998 462 2029; x_wconf 87' lang='lat' dir='ltr'><strong>in</strong></span> <span class='ocrx_word' id='word_1_248' title='bbox 476 1996 593 2042; x_wconf 83' lang='lat' dir='ltr'><strong>superaffluens</strong></span> <span class='ocrx_word' id='word_1_249' title='bbox 607 1998 672 2036; x_wconf 83' lang='lat' dir='ltr'><strong>honum,</strong></span> 
     </span>
     <span class='ocr_line' id='line_1_28' title="bbox 39 2049 672 2094; baseline -0.002 -13"><span class='ocrx_word' id='word_1_250' title='bbox 39 2050 116 2094; x_wconf 85' lang='lat' dir='ltr'><strong>quivero</strong></span> <span class='ocrx_word' id='word_1_251' title='bbox 130 2049 189 2081; x_wconf 81' lang='lat' dir='ltr'><strong>amavit</strong></span> <span class='ocrx_word' id='word_1_252' title='bbox 199 2061 229 2094; x_wconf 81' lang='lat' dir='ltr'><strong>per</strong></span> <span class='ocrx_word' id='word_1_253' title='bbox 239 2049 299 2081; x_wconf 85' lang='lat' dir='ltr'><strong>amoris</strong></span> <span class='ocrx_word' id='word_1_254' title='bbox 312 2060 383 2082; x_wconf 81' lang='lat' dir='ltr'><strong>errorem</strong></span> <span class='ocrx_word' id='word_1_255' title='bbox 398 2060 466 2094; x_wconf 82' lang='lat' dir='ltr'><strong>corpus,</strong></span> <span class='ocrx_word' id='word_1_256' title='bbox 480 2049 495 2082; x_wconf 90' lang='lat' dir='ltr'><strong>is</strong></span> <span class='ocrx_word' id='word_1_257' title='bbox 508 2055 562 2082; x_wconf 86' lang='lat' dir='ltr'><strong>manet</strong></span> <span class='ocrx_word' id='word_1_258' title='bbox 573 2050 590 2082; x_wconf 90' lang='lat' dir='ltr'><strong>in</strong></span> <span class='ocrx_word' id='word_1_259' title='bbox 601 2049 672 2082; x_wconf 85' lang='lat' dir='ltr'><strong>tenebris</strong></span> 
     </span>
     <span class='ocr_line' id='line_1_29' title="bbox 40 2099 673 2146; baseline -0.003 -13"><span class='ocrx_word' id='word_1_260' title='bbox 40 2111 102 2139; x_wconf 83' lang='lat' dir='ltr'><strong>errans,</strong></span> <span class='ocrx_word' id='word_1_261' title='bbox 116 2099 216 2132; x_wconf 85' lang='lat' dir='ltr'><strong>sensibiliter</strong></span> <span class='ocrx_word' id='word_1_262' title='bbox 229 2102 292 2146; x_wconf 87' lang='lat' dir='ltr'><strong>patiens</strong></span> <span class='ocrx_word' id='word_1_263' title='bbox 303 2112 321 2133; x_wconf 82' lang='lat' dir='ltr'><strong>ea</strong></span> <span class='ocrx_word' id='word_1_264' title='bbox 333 2112 374 2145; x_wconf 86' lang='lat' dir='ltr'><strong>quae</strong></span> <span class='ocrx_word' id='word_1_265' title='bbox 385 2106 423 2134; x_wconf 86' lang='lat' dir='ltr'><strong>sunt</strong></span> <span class='ocrx_word' id='word_1_266' title='bbox 436 2102 498 2134; x_wconf 87' lang='lat' dir='ltr'><strong>mortis.</strong></span> <span class='ocrx_word' id='word_1_267' title='bbox 521 2100 565 2144; x_wconf 79' lang='lat' dir='ltr'><strong>Quid</strong></span> <span class='ocrx_word' id='word_1_268' title='bbox 576 2105 638 2132; x_wconf 77' lang='lat' dir='ltr'><strong>tontum</strong></span> <span class='ocrx_word' id='word_1_269' title='bbox 649 2111 673 2132; x_wconf 88' lang='lat' dir='ltr'><strong>er-</strong></span> 
     </span>
     <span class='ocr_line' id='line_1_30' title="bbox 39 2150 673 2197; baseline -0.003 -12"><span class='ocrx_word' id='word_1_270' title='bbox 39 2157 80 2191; x_wconf 83' lang='lat' dir='ltr'><strong>rant,</strong></span> <span class='ocrx_word' id='word_1_271' title='bbox 91 2150 124 2184; x_wconf 80' lang='lat' dir='ltr'><strong>dixi</strong></span> <span class='ocrx_word' id='word_1_272' title='bbox 136 2163 171 2196; x_wconf 78' lang='lat' dir='ltr'><strong>ego,</strong></span> <span class='ocrx_word' id='word_1_273' title='bbox 182 2152 238 2196; x_wconf 81' lang='lat' dir='ltr'><strong>ignari,</strong></span> <span class='ocrx_word' id='word_1_274' title='bbox 248 2158 267 2185; x_wconf 87' lang='lat' dir='ltr'><strong>nt</strong></span> <span class='ocrx_word' id='word_1_275' title='bbox 277 2153 360 2197; x_wconf 80' lang='lat' dir='ltr'><strong>priventur</strong></span> <span class='ocrx_word' id='word_1_276' title='bbox 370 2151 500 2186; x_wconf 75' lang='lat' dir='ltr'><strong>immortalitate?</strong></span> <span class='ocrx_word' id='word_1_277' title='bbox 511 2151 581 2189; x_wconf 74' lang='lat' dir='ltr'><strong>Videris,</strong></span> <span class='ocrx_word' id='word_1_278' title='bbox 592 2151 651 2195; x_wconf 80' lang='lat' dir='ltr'><strong>inquit,</strong></span> <span class='ocrx_word' id='word_1_279' title='bbox 663 2162 673 2183; x_wconf 91' lang='grc' dir='ltr'><em>ο</em></span> 
     </span>
     <span class='ocr_line' id='line_1_31' title="bbox 39 2200 674 2249; baseline -0.002 -13"><span class='ocrx_word' id='word_1_280' title='bbox 39 2209 65 2241; x_wconf 86' lang='lat' dir='ltr'><strong>tu,</strong></span> <span class='ocrx_word' id='word_1_281' title='bbox 79 2201 159 2236; x_wconf 84' lang='lat' dir='ltr'><strong>sollicitus</strong></span> <span class='ocrx_word' id='word_1_282' title='bbox 170 2214 203 2234; x_wconf 86' lang='lat' dir='ltr'><strong>non</strong></span> <span class='ocrx_word' id='word_1_283' title='bbox 214 2203 264 2236; x_wconf 78' lang='lat' dir='ltr'><strong>fuisse</strong></span> <span class='ocrx_word' id='word_1_284' title='bbox 276 2216 331 2237; x_wconf 84' lang='lat' dir='ltr'><strong>eornm</strong></span> <span class='ocrx_word' id='word_1_285' title='bbox 342 2216 383 2249; x_wconf 83' lang='lat' dir='ltr'><strong>quae</strong></span> <span class='ocrx_word' id='word_1_286' title='bbox 393 2204 457 2237; x_wconf 78' lang='lat' dir='ltr'><strong>audisti,</strong></span> <span class='ocrx_word' id='word_1_287' title='bbox 471 2215 525 2236; x_wconf 85' lang='lat' dir='ltr'><strong>nonne</strong></span> <span class='ocrx_word' id='word_1_288' title='bbox 536 2202 569 2235; x_wconf 79' lang='lat' dir='ltr'><strong>dixi</strong></span> <span class='ocrx_word' id='word_1_289' title='bbox 579 2200 610 2234; x_wconf 87' lang='lat' dir='ltr'><strong>tibi</strong></span> <span class='ocrx_word' id='word_1_290' title='bbox 620 2207 639 2234; x_wconf 86' lang='lat' dir='ltr'><strong>nt</strong></span> <span class='ocrx_word' id='word_1_291' title='bbox 649 2203 674 2235; x_wconf 92' lang='lat' dir='ltr'><strong>in·</strong></span> 
     </span>
     <span class='ocr_line' id='line_1_32' title="bbox 39 2253 673 2299; baseline 0 -12"><span class='ocrx_word' id='word_1_292' title='bbox 39 2253 113 2298; x_wconf 80' lang='lat' dir='ltr'><strong>telligas?</strong></span> <span class='ocrx_word' id='word_1_293' title='bbox 134 2253 217 2299; x_wconf 80' lang='lat' dir='ltr'><strong>intelligo,</strong></span> <span class='ocrx_word' id='word_1_294' title='bbox 231 2256 304 2299; x_wconf 84' lang='lat' dir='ltr'><strong>inquam,</strong></span> <span class='ocrx_word' id='word_1_295' title='bbox 316 2261 333 2288; x_wconf 86' lang='lat' dir='ltr'><strong>et</strong></span> <span class='ocrx_word' id='word_1_296' title='bbox 343 2255 429 2294; x_wconf 65' lang='lat' dir='ltr'><strong>recondam</strong></span> <span class='ocrx_word' id='word_1_297' title='bbox 441 2261 457 2287; x_wconf 83' lang='lat' dir='ltr'><strong>et</strong></span> <span class='ocrx_word' id='word_1_298' title='bbox 468 2254 516 2287; x_wconf 85' lang='lat' dir='ltr'><strong>simul</strong></span> <span class='ocrx_word' id='word_1_299' title='bbox 526 2255 585 2298; x_wconf 77' lang='lat' dir='ltr'><strong>gratias</strong></span> <span class='ocrx_word' id='word_1_300' title='bbox 596 2266 626 2299; x_wconf 80' lang='lat' dir='ltr'><strong>ago</strong></span> <span class='ocrx_word' id='word_1_301' title='bbox 637 2254 673 2287; x_wconf 90' lang='lat' dir='ltr'><strong>tihi.</strong></span> 
     </span>
     <span class='ocr_line' id='line_1_33' title="bbox 40 2305 674 2352; baseline 0 -14"><span class='ocrx_word' id='word_1_302' title='bbox 40 2306 59 2338; x_wconf 90' lang='lat' dir='ltr'><strong>Si</strong></span> <span class='ocrx_word' id='word_1_303' title='bbox 68 2306 236 2352; x_wconf 75' lang='lat' dir='ltr'><strong>percepisti‚,inquit‚</strong></span> <span class='ocrx_word' id='word_1_304' title='bbox 247 2305 274 2338; x_wconf 76' lang='lat' dir='ltr'><strong>dic</strong></span> <span class='ocrx_word' id='word_1_305' title='bbox 284 2305 374 2346; x_wconf 76' lang='lat' dir='ltr'><strong>mihi‚&#39;cui·</strong></span> <span class='ocrx_word' id='word_1_306' title='bbox 385 2306 429 2351; x_wconf 77' lang='lat' dir='ltr'><strong>digni</strong></span> <span class='ocrx_word' id='word_1_307' title='bbox 440 2311 478 2338; x_wconf 88' lang='lat' dir='ltr'><strong>sunt</strong></span> <span class='ocrx_word' id='word_1_308' title='bbox 491 2312 543 2338; x_wconf 86' lang='lat' dir='ltr'><strong>morte</strong></span> <span class='ocrx_word' id='word_1_309' title='bbox 554 2307 582 2351; x_wconf 88' lang='lat' dir='ltr'><strong>qui</strong></span> <span class='ocrx_word' id='word_1_310' title='bbox 592 2306 611 2339; x_wconf 84' lang='lat' dir='ltr'><strong>in</strong></span> <span class='ocrx_word' id='word_1_311' title='bbox 621 2311 674 2338; x_wconf 85' lang='lat' dir='ltr'><strong>morte</strong></span> 
     </span>
     <span class='ocr_line' id='line_1_34' title="bbox 40 2356 674 2403; baseline -0.002 -14"><span class='ocrx_word' id='word_1_312' title='bbox 40 2358 88 2389; x_wconf 78' lang='lat' dir='ltr'><strong>sunt?</strong></span> <span class='ocrx_word' id='word_1_313' title='bbox 102 2357 183 2400; x_wconf 77' lang='lat' dir='ltr'><strong>Quoniam</strong></span> <span class='ocrx_word' id='word_1_314' title='bbox 194 2359 244 2391; x_wconf 82' lang='lat' dir='ltr'><strong>anteit</strong></span> <span class='ocrx_word' id='word_1_315' title='bbox 254 2358 337 2403; x_wconf 82' lang='lat' dir='ltr'><strong>proprium</strong></span> <span class='ocrx_word' id='word_1_316' title='bbox 349 2369 407 2403; x_wconf 81' lang='lat' dir='ltr'><strong>eorpus</strong></span> <span class='ocrx_word' id='word_1_317' title='bbox 418 2356 491 2401; x_wconf 77' lang='lat' dir='ltr'><strong>lugubris</strong></span> <span class='ocrx_word' id='word_1_318' title='bbox 502 2357 564 2398; x_wconf 70' lang='lat' dir='ltr'><strong>umbra,</strong></span> <span class='ocrx_word' id='word_1_319' title='bbox 576 2370 596 2390; x_wconf 81' lang='lat' dir='ltr'><strong>ex</strong></span> <span class='ocrx_word' id='word_1_320' title='bbox 607 2370 637 2402; x_wconf 85' lang='lat' dir='ltr'><strong>qun</strong></span> <span class='ocrx_word' id='word_1_321' title='bbox 649 2362 674 2390; x_wconf 88' lang='lat' dir='ltr'><strong>est</strong></span> 
     </span>
    </p>
   </div>
   <div class='ocr_carea' id='block_1_7' title="bbox 0 0 808 2531">
    <p class='ocr_par' dir='ltr' id='par_1_12' title="bbox 0 0 808 2531">
     <span class='ocr_line' id='line_1_35' title="bbox 0 0 808 2531; baseline 0 0"><span class='ocrx_word' id='word_1_322' title='bbox 0 0 808 2531; x_wconf 95' lang='lat' dir='ltr'><strong> </strong></span> 
     </span>
    </p>
   </div>
  </div>
 </body>
</html>
