1591 2531
70 153 102 192 cap.
114 149 140 191 ll.
301 145 349 186 Νοῦς
357 145 467 189 πρὸςἛρμήι.
684 141 706 175 89

71 241 95 282 τό
108 257 129 282 τε
142 240 215 286 κόλλος
228 239 290 278 αὐτοῦ
299 237 384 290 ἀκριβῶς
393 237 524 289 κατανόησον,
539 237 596 286 σῶμα
609 237 645 285 μὲν
658 232 706 282 ἀκή-

72 323 139 361 ρατον,
152 309 187 347 καὶ
200 302 224 346 οὗ
236 304 369 357 παλαιότερον
383 302 491 353 olitoria&
503 301 580 348 παντὸς
589 303 610 341 δὲ
619 301 705 355 ἀκμαῖον

52 383 60 413 3
73 378 107 415 καὶ
119 377 166 415 νέον
179 374 214 413 καὶ
226 374 303 424 μᾶλλον
317 368 458 423 ἀκμαιότερον
482 373 509 411 ἰδὲ
523 371 557 410 καὶ
570 366 616 415 τοῦς
628 366 706 417 igrotu-
720 366 732 405 7

72 444 145 489 μένους
155 435 213 478 emt
229 438 315 489 κόσμους
335 440 491 486 κεκοσμημένους
511 436 566 483 τάξει
583 436 656 483 αὶωνίῳ
673 435 708 471 καὶ

73 504 140 561 δρόμῳ
158 504 249 561 διαφόρῳ
265 504 301 545 τὸν
322 505 395 544 αἰῶνα,
408 501 580 554 ἀναπληροῦντας,
601 497 669 555 φωτός
685 500 707 538 δὲ

52 573 139 613 θπάντα
152 572 226 624 πλήρη,
239 573 278 621 πῦρ
293 573 313 611 ἀὲ
327 571 422 621 οὐδαμοῦ,
435 569 448 617 ή
463 565 501 620 γάρ
516 571 573 620 φιλία
586 571 619 608 καὶ
632 567 645 616 ή
659 566 707 617 σῦν-

72 652 142 690 κρασις
155 640 194 678 τῶν
211 640 306 681 ἐναντίων
320 634 520 686 καὶτῶν-ἀνομοίων
534 637 577 688 φῶς
589 637 656 683 γέγονε
670 647 706 672 κα-,

72 703 227 755 ταλαμπόμενον
240 700 279 743 tut
292 704 328 750 τῆς
341 704 376 741 τοῦ
389 702 442 741 θεοῦ
455 703 558 752 ἐνεργείας,
570 697 646 744 παντὸς
660 698 707 749 ἀγας

52 772 117 809 9θοῦ
125 769 247 822 ,γεννήτορας
259 771 294 808 καὶ
306 766 373 815 πόσης
384 766 462 815 ,τάξεως
479 765 575 819 ἀρχοντος
588 768 622 805 καὶ
634 763 708 816 ήγεμό-

73 850 114 882 νος-
124 837 164 876 τῶν
181 833 231 875 tucci
247 833 337 886 κόσμου’
347 861 349 863 »
359 832 443 881 σελήνην
460 835 481 873 δὲ
498 835 576 873 ἐκείνων
592 831 709 886 πρόδρομον

73 901 162 949 πόντων,
177 899 264 954 ὄργανον
277 903 313 948 τῆς
326 898 408 953 φύσεως,
425 896 528 947 τήνκάτω
541 897 590 954 ῦλην
607 896 709 949 μεταβόλ->

41 978 63 1008 ,12
73 970 159 1007 λοῦσαν
175 966 212 1015 τήν
225 982 247 1006 τε
260 969 298 1018 γῆν
311 969 374 1017 μέσην
387 968 423 1005 τοῦ
435 963 511 1011 παντὸς
523 963 659 1015 ὑποστάθμην
673 964 708 1002 τοῦ

73 1036 143 1073 καλοῦ,
153 1032 356 1085 κόσμουὶὃρυμένην,
374 1030 452 1085 τροφόν
468 1034 502 1071 καὶ
515 1028 603 1080 τιθηνήν
615 1032 655 1070 τῶν
668 1033 709 1068 ἐπι-

73 1102 136 1149 γείων.
164 1103 240 1139 θέασαι
255 1101 279 1138 ,δὲ
292 1102 325 1138 καὶ
338 1097 362 1138 τὸ
375 1100 461 1146 πλῆθος
473 1100 512 1138 τῶν
529 1095 709 1144 ἀθανάτων-ζώων

43 1176 63 1207 15
75 1163 124 1205 ὅσον
141 1168 191 1212 ἐστι’,
208 1167 242 1204 καὶ
259 1163 283 1211 τὸ
299 1167 342 1204 τοῖν.
355 1166 449 1212 θνητῶνγ
467 1167 532 1215 μέσην
546 1165 568 1203 δὲ
584 1163 708 1216 ἀμφοτέρων,

73 1235 113 1270 τῶν
126 1246 147 1270 τε
160 1230 272 1270 ἀθανάτων
288 1233 322 1269 καὶ
338 1232 378 1269 τῶν
391 1232 482 1277 θνητῶν,
499 1228 536 1277 τήν
553 1228 638 1278 σελήνην
654 1244 709 1281 περι-

74 1300 214 1351 πορευομίνην.
244 1295 310 1336 πάντα
328 1297 349 1335 δὲ
366 1294 431 1346 πλήρη
452 1298 518 1348 ψυχῆς
538 1298 572 1334 καὶ
592 1294 660 1334 πάντα
677 1289 736 1334 ὑπ’8

44 1376 64 1406 18
75 1363 136 1412 αὐτῆς
149 1365 202 1416 ἰδίως
215 1350 328 1412 κινούμενα,
345 1358 370 1400 ccl
383 1363 419 1411 μὲν
433 1364 477 1414 περὶ
491 1361 526 1401 τὸν
540 1359 636 1414 οὐρανόν,
649 1357 675 1400 τά
689 1362 709 1399 tt·

116 1490 132 1521 2.
143 1498 181 1531 post>
188 1486 232 1520 οὐδέν
240 1489 267 1519 ΑΒ
275 1490 324 1520 Turn.
331 1488 381 1520 Fluss.
392 1490 426 1519 add.
437 1491 487 1520 ἔσται.
508 1489 524 1519 3.
536 1491 563 1520 καὶ
573 1491 632 1531 μᾶλλον
639 1486 709 1531 ἀκμαιό-

117 1553 164 1583 τερον
174 1553 204 1571 om.
217 1541 256 1571 Patr.
300 1540 316 1571 9,
328 1540 353 1570 10.
361 1538 418 1583 ,ἄρχον
429 1541 457 1571 καὶ
467 1539 528 1582 ἡγεμών
540 1541 567 1570 ΑΒ
579 1540 637 1579 Vergic.
685 1540 708 1571 17.

117 1592 142 1622 18.
154 1589 180 1622 ἀπ’
192 1589 243 1631 αὐτῆς
253 1591 303 1631 ἰδίως]
314 1591 335 1622 sie
346 1592 391 1628 Patro,
404 1604 433 1622 om.
444 1591 505 1632 reliqui.

76 1716 117 1749 quae
131 1704 172 1737 laeta
186 1710 231 1746 sunt;
245 1704 275 1737 scel
289 1712 306 1737 'ea
322 1716 363 1749 quae
376 1704 418 1737 fiunt
431 1703 492 1737 subeo
503 1709 546 1737 sunt.
568 1705 631 1738 intuere
642 1716 674 1750 per
684 1717 711 1737 me

75 1755 152 1789 muudum
163 1755 252 1789 subiectum
266 1761 295 1789 tuo
309 1757 390 1800 aspectui,
404 1761 421 1788 et
431 1755 568 1802 pulchritudinem
579 1757 614 1789 eius
625 1755 711 1802 diligenter

76 1807 165 1845 considera¹
176 1818 236 1852 corpus
247 1807 313 1852 quidem
322 1807 463 1848 immarcescibile,
474 1819 506 1852 quo
517 1808 598 1853 antiquins
609 1806 659 1848 nihil,
670 1819 711 1840 sem·

19 1896 21 1899 v
75 1870 106 1903 per
115 1860 208 1901 rigorosum
220 1864 236 1891 et
247 1870 304 1892 recens
315 1860 398 1904 magisque
408 1860 505 1904 vigorosum,
527 1860 590 1905 inspice
601 1863 617 1890 et
627 1858 710 1891 subiectos

76 1915 138 1955 septem
149 1910 226 1950 mundos,
241 1917 307 1943 ornatos
321 1910 378 1943 ordine
388 1917 454 1944 aeterno
465 1916 481 1943 et
492 1922 542 1943 cursu
552 1910 632 1943 differenti
643 1911 711 1942 aeterni·

76 1966 125 1993 tatem
136 1960 251 2006 adimplentes,
264 1962 326 1995 lumine
337 1963 388 1995 omnia
400 1962 455 2007 plena,
466 1963 519 2006 ignem
530 1967 582 1995 autem
593 1961 659 2001 nullibi;
674 1962 711 1994 arui·

76 2012 114 2046 titia
129 2013 171 2045 enim
182 2018 198 2045 et
209 2014 336 2059 contemperatio
350 2015 467 2046 contrariorum
478 2019 494 2046 et
508 2013 611 2047 dissimilium
624 2012 678 2046 lumen
688 2012 710 2045 f-

76 2069 119 2097 etum
131 2070 161 2105 est,
173 2063 271 2098 illustratum
282 2079 290 2098 a
302 2065 328 2098 clei
339 2071 381 2106 actu,
393 2067 445 2098 omnis
456 2065 495 2098 boni
506 2067 584 2111 genitoris
595 2072 614 2099 et·
623 2067 674 2098 omnis
685 2076 710 2097 or-

76 2115 119 2149 dinis
136 2117 216 2162 principis
230 2122 247 2149 et
261 2116 307 2151 ducis
323 2123 386 2164 septem
402 2117 505 2158 mundorum
521 2118 575 2150 lunam
590 2129 629 2150 vero
644 2116 710 2149 illorum

75 2179 197 2213 praecursorem
209 2171 287 2209 omnium,
302 2181 379 2214 organum
391 2175 465 2210 naturae,
478 2169 545 2202 inseram
557 2170 638 2202 materiam
649 2173 711 2201 mutan-

69 2226 116 2260 ·tem;
127 2225 186 2252 terram
196 2231 235 2252 vero
246 2222 263 2252 in
274 2220 327 2254 medio
339 2222 411 2254 universi
421 2221 528 2254 sedimentum
538 2219 602 2265 pulchri
613 2220 668 2253 mundi
679 2226 712 2253 sta·

77 2271 143 2311 bilitam,
155 2270 262 2304 educatricem
270 2261 372 2314 etirutricem
380 2278 485 2305 terrenorum.
508 2273 583 2312 conspice
591 2271 711 2305 multitudinem

77 2335 142 2369 quoque
153 2317 265 2357 immortalium
279 2322 370 2356 animalium
384 2329 443 2368 quanta
456 2325 486 2363 sit,
501 2329 518 2356 et
530 2322 630 2363 mortalium
642 2323 709 2358 mediam

77 2385 115 2407 vero
130 2372 243 2420 utrorumque,
253 2374 365 2409 immortalium
379 2380 395 2407 et
405 2373 504 2416 mortalium,
515 2373 569 2410 lunam
581 2377 709 2410 circumeuntem.
