1591 2531
294 161 368 194 Praesatio
379 164 444 195 edituris.
680 174 691 196 V

15 273 17 275 >
58 255 133 300 aratus,
147 264 159 289 a
170 250 196 288 D.
206 250 278 290 Hamm
291 266 341 292 anno
351 254 402 296 1850
414 256 486 309 partim
499 269 543 294 cum
553 256 637 296 Turnehi
650 256 691 296 edi-

57 317 110 355 tione
124 316 211 365 collatus,
224 318 296 369 partim
309 326 399 359 accurate
412 323 526 374 descriptus.

96 381 152 420 Idem
169 383 199 421 vir
216 384 284 424 doetus
303 386 392 424 codicum
407 388 538 428 Parisinorum
554 388 615 438 1297,
630 390 689 437 2007,

58 449 117 497 2518,
126 450 202 489 saeculo
211 450 264 490 XVI
273 453 432 504 conscriptorum⁷
445 454 525 506 paginas
534 455 635 494 nonnullas
645 467 689 493 eum

57 514 143 554 Turnehi
156 516 239 555 editione
252 518 339 567 eontulit,
353 520 434 568 quorum
448 519 536 559 codicum
547 522 575 571 is,
589 522 622 572 qui
636 522 689 561 2518

56 587 173 632 numeratur,
186 584 258 636 Angeh
266 584 354 637 Vergieii
367 599 425 624 manu
433 585 522 625 Venetiis
536 592 625 626 exaratus
638 592 674 626 est.

97 647 180 687 Codices
193 651 214 688 A
228 655 247 688 et
259 651 277 689 B
291 651 320 689 ita
333 657 410 691 secutus
424 666 477 701 sum,
494 659 517 691 ut
529 654 634 702 nusquam,
651 654 688 692 nisi

56 714 129 752 monito
142 715 214 752 lectore
228 716 252 753 ab
266 729 331 755 eorum
349 719 464 757 auctoritate
479 719 602 766 recesserim
620 718 689 768 reliqui

56 779 128 818 nullam
140 779 188 818 mihi
200 781 303 820 utilitatem
317 783 426 822 attulerunt.

95 846 199 885 Praeterea
212 848 266 899 siglis
278 861 325 887 usus
339 863 381 887 sum
393 849 434 888 his:

91 911 163 951 Turn.
174 913 259 952 ΕΡΛΛΟΥ
268 915 316 953 ΤΟΥ
325 915 506 954 ΤΡΙΣΛΛΕΓΙΣΤΟΥ
515 916 688 954 ΠΟΙΜΑΝΔΡΗΣ.

57 979 196 1018 ΑΣΚΛΗΠΙΟΥ
211 981 265 1019 ΟΡΟΙ
282 982 350 1020 ΠΡΟΣ
364 981 473 1020 Ammona
484 982 594 1021 ’ΒΑΣΙΛΕΑ.
610 982 690 1020 Meren-

56 1045 81 1082 rii
93 1045 215 1097 Trismegisti
226 1047 357 1097 Poemander⁷
375 1061 409 1086 seu
422 1047 446 1086 de
463 1048 560 1099 potestate
577 1061 600 1086 ae
613 1048 690 1098 sapien-

56 1112 84 1150 tia
97 1111 168 1150 divina.
195 1113 308 1163 Aesculapii
321 1114 441 1153 definitiones
454 1113 480 1152 ad
493 1114 609 1153 Ammonem
622 1127 688 1165 regem

121 1177 202 1216 Parisiis
212 1179 269 1219 1551.
287 1179 348 1230 Apud
361 1179 531 1229 Adr.4Tu1nebum
544 1179 688 1231 typographum

56 1242 145 1294 Regium.
172 1244 212 1282 lito.

95 1307 192 1361 Vergie.
212 1309 284 1361 Angeli
293 1309 381 1362 Vergieii
393 1311 490 1349 variantes
502 1310 601 1360 lectiones,
614 1312 635 1349 in
648 1309 688 1349 edi-

56 1375 108 1413 tione
122 1375 245 1414 Tumebiana
257 1389 302 1427 pag.
313 1377 351 1416 103
366 1375 469 1414 exhibitae.

95 1440 173 1479 Fluss.
196 1439 291 1479 Mercurii
299 1440 421 1492 Trismegisti
429 1441 545 1479 Pimandras
557 1446 639 1492 utraque
651 1442 688 1479 lin-
719 1431 723 1433 ⁵

56 1519 95 1559 gua
110 1506 220 1556 restitutus,
240 1507 267 1544 D.
281 1506 382 1545 Francisei
397 1506 493 1546 Flussatis
511 1506 616 1545 Oandallae
631 1506 688 1545 indu-

57 1572 110 1621 stria,
183 1572 310 1625 Burdigalae,
323 1572 384 1624 Apud
397 1571 496 1612 Simonem
509 1572 642 1624 Msslangium,

58 1639 115 1678 1574.
142 1640 182 1678 luo.

95 1704 183 1742 Patrio.
204 1704 305 1742 Francisei
321 1704 402 1742 Patrioii
418 1716 469 1742 nova
482 1703 507 1741 de
519 1704 613 1742 universis
625 1703 689 1755 philo-

57 1770 125 1821 sophia
139 1798 182 1808 ....
196 1770 304 1819 Ferrmiae,
317 1770 379 1821 Apud
391 1770 519 1807 Benedictum
527 1769 688 1808 Mammarellum.

58 1837 171 1883 1591.f01.;
190 1840 213 1873 et
229 1849 290 1873 novo
307 1836 393 1874 titulo:
410 1834 506 1874 Novade
519 1835 613 1874 universis
626 1836 689 1886 philo-

56 1902 134 1953 sophia,
150 1901 204 1940 libris
222 1901 361 1954 quinquaginta
377 1901 515 1952 comprehensa
600 1903 688 1940 Auctore

55 1969 161 2007 Franciseo
179 1967 262 2005 Patritio
341 1967 440 2016 Venetiis,
457 1967 574 2005 Excudebat
591 1966 688 2006 Rohertus

56 2034 149 2073 Meiettus
164 2034 221 2074 1593.
247 2034 287 2073 fol.v
331 2055 334 2060 ι

96 2100 163 2139 Tied.
198 2100 281 2139 Hermes
300 2099 426 2151 Trismegists
442 2099 563 2138 Poemauder
583 2099 630 2137 oder
649 2112 688 2137 von

57 2166 91 2205 der
105 2167 212 2217 ghttliehen
228 2166 298 2205 Maeht
314 2165 355 2205 und
368 2165 476 2215 Weisheit‚
488 2172 528 2205 'ans
542 2165 585 2203 dem
599 2164 689 2204 Grieohi-

30 2267 32 2270 .
57 2233 116 2272 seheu
128 2233 283 2272 ubersetzt....
300 2247 339 2272 von
357 2232 458 2272 Dieterieh
470 2232 595 2271 Tietlemann.
622 2231 689 2271 Berlin

56 2299 97 2338 und
111 2298 189 2349 stettin,
201 2298 234 2337 hei
246 2298 349 2337 Friedrich
361 2298 445 2338 Nicolai.
467 2298 524 2338 1781.
552 2298 597 2338 8vo.

97 2366 183 2405 Turnehi
197 2370 216 2404 et
224 2363 319 2405 Flussatis
332 2364 432 2415 prooemia
444 2364 527 2417 integra,
539 2364 621 2404 Patricii
634 2378 689 2416 prae-
