1591 2531
279 158 352 189 Praefatio
362 159 430 199 Verginii,
654 167 675 191 lx

35 248 124 298 ’ἀπάτην
136 251 170 289 καί
183 251 280 302 μέριμναν
294 252 329 289 τοῦ
342 251 392 303 πρὸς
404 254 443 292 τῶν
457 254 493 300 τῆς
505 249 554 300 ὕλης
563 251 677 306 ἀπομαραι-

43 319 127 367 νομένου
140 314 192 363 νοός,
205 318 239 356 καὶ
252 315 327 356 τούτων
340 331 362 367 γε
375 314 413 366 ἤδη
427 318 628 370 ἀποκαθαιρομὲνου,
641 323 675 360 καὶ

41 380 91 434 πρὸς
104 380 139 422 τόν
153 385 212 422 θεῖον
226 387 300 423 ἐκεῖνον
316 385 351 422 καὶ
363 384 458 437 πατρικὸν
471 388 520 426 νοῦν
533 385 675 425 ἀποκαθιστα-

41 450 109 498 μὲνου,
123 448 225 489 ἅπτεσθαι
239 450 335 505 ἀσφαλοῦς
348 453 384 499 τῆς
397 450 462 490 αὐτῶν
475 447 564 504 θεωρίας
577 453 611 491 καὶ
625 450 676 502 γνώ·

42 528 95 561 σεως.
127 516 153 563 ὡς
171 512 206 556 οὖν
223 520 257 557 καὶ
274 517 285 557 ὁ
302 519 411 563 θεσπέσιος
432 513 489 564 οὗτος
510 522 545 567 τῆς
562 521 676 571 σωματικῆς

42 581 115 633 ἀχλύος
129 583 312 636 ἀπαλλαττόμενος,
330 586 363 623 καὶ
377 582 427 636 πρός
440 581 492 638 ὕψος
506 586 593 635 θεωρίας
606 590 675 624 ὲπαιω·

42 648 105 701 ρήσας
118 649 153 689 τόν
166 652 224 697 νοῦν,
237 653 271 690 καὶ
285 649 334 696 ὅλας
347 651 468 690 τούντεῦθεν
481 652 554 696 ἐ’νθονς
567 650 676 701 γενόμενος,

43 715 124 768 ἄρχεται
137 713 207 755 ἑαυτὸν
221 720 301 768 ἐρατᾶν,
315 715 391 765 δηλαδὴ
400 715 436 756 τὸν
445 715 584 769 Ποιμόνδρην,
598 714 634 756 τὸν
643 719 677 755 καὶ

43 782 154 828 αὐθεντίας
166 784 215 821 νοῦν
228 782 361 834 καλούμενον,
377 786 413 822 τοῦ
426 781 462 830 τὴν
480 782 541 837 φῦσιν
556 784 596 822 τιῦν
614 779 678 822 όντων

43 851 125 899 μαθεῖν,
139 852 173 888 καὶ
186 850 260 898 γνῶναι
273 850 313 887 τοῖν
325 846 405 888 πάντων
419 852 495 900 πατέρα
508 865 530 888 τε
539 851 573 888 καὶ
582 851 677 901 δημιουρ-

44 912 81 966 γόν
94 914 155 955 θεόν’
169 912 219 967 πρὸς
233 912 257 954 ὃν
266 919 338 960 ἐκεῖνος
348 912 508 965 ἀπαμειβόμενος
518 917 614 954 δείκνυσιν
624 915 676 955 εὐσε-

45 982 85 1032 βεῖς
102 984 136 1021 καὶ
153 980 274 1032 διερμηνεόει
292 983 333 1021 πᾶν
350 980 373 1021 τό
391 983 495 1033 μεγαλεῖον
513 984 548 1029 τῆς
565 984 601 1020 τοῦ
617 983 677 1020 θείου

44 1050 118 1100 σοφίας
131 1064 152 1088 τε
165 1050 199 1087 καὶ
213 1046 313 1099 δυνάμεως
326 1050 360 1088 καὶ
377 1051 412 1097 τῆς
430 1051 504 1095 ἐκείνης
520 1045 628 1100 πανσόφον
644 1048 679 1085 καὶ

43 1118 174 1165 προνοητικῆς
188 1113 309 1162 διοικήσεως·
328 1112 377 1153 ὥστε
394 1117 428 1154 καὶ
444 1113 601 1164 πυνθανόμενον
614 1115 679 1152 ταῦτα

43 1181 77 1218 καὶ
86 1181 228 1228 διανοηθέντα,
242 1178 389 1227 ἐκπλήττεσθαι
397 1181 431 1219 καὶ
439 1181 493 1230 βοᾷν
506 1209 516 1227 ‚‚
521 1178 571 1226 δόξα
579 1182 607 1229 τῷ
615 1180 677 1230 πατρὶ

43 1248 77 1285 καὶ
94 1248 143 1296 θεῷ.
171 1243 227 1295 ἑίγιος
244 1245 255 1284 ὃ
272 1243 323 1290 θεὸς
341 1245 351 1284 ὁ
369 1243 436 1297 πατὴρ
454 1248 493 1284 τῶν
512 1244 569 1284 ὅλων.
597 1243 678 1295 ἅγιοςό

43 1309 93 1356 θεὸς
107 1307 131 1351 οὗ
143 1311 156 1359 ἡ
166 1310 229 1362 βουλὴ
242 1314 326 1350 τελεῖται
339 1309 379 1350 ἀπὸ
388 1314 428 1351 τῶν
436 1313 491 1350 ἰδίων
501 1309 608 1361 δυνάμεων.
623 1309 679 1361 ἑίγιος

44 1377 55 1417 ό
65 1374 114 1422 θεὸς
124 1375 146 1423 ὃς
154 1378 273 1428 γνωσθῆναι
280 1375 373 1427 βούλεται
381 1380 415 1416 καὶ
423 1376 558 1427 γινώσκεσθαι
566 1384 609 1422 τοῖς
622 1379 680 1422 ἰδίοις

43 1445 83 1482 τῶν
97 1445 175 1494 ἕργων.“
200 1445 235 1481 καὶ
247 1441 273 1481 τίι
286 1442 330 1490 ἑξῆς
344 1445 380 1482 τοῦ
392 1442 458 1494 λόγου.
485 1442 527 1482 εἶτα
541 1441 620 1489 διδάξαι
632 1440 679 1488 τοὺς

44 1507 116 1555 ε’ίλλους
129 1512 194 1548 ταῦτα
208 1508 334 1560 βουλόμενος,
347 1508 448 1561 πρώτιστα
461 1508 541 1548 πάντων
554 1515 618 1558 τυχεῖν
628 1507 680 1558 εῦχε-

46 1590 79 1614 ται
92 1577 153 1620 θείας
166 1572 220 1620 τινός
233 1574 347 1620 ὲπινεῦσεας
360 1577 393 1614 καὶ
407 1573 474 1625 ίσχῦος
487 1577 523 1614 τοῦ
536 1576 600 1614 ταῦτα
609 1574 681 1621 διεξελ-

45 1643 92 1679 θεῖν
109 1641 213 1694 ἀκριβῶς
232 1639 294 1687 οὕτως
312 1641 331 1679 δ’
343 1638 401 1681 εὶπιδν
419 1644 485 1692 τρέπει
501 1639 537 1680 τόν
554 1638 615 1690 λόγον
630 1637 681 1693 πρὸς

45 1703 80 1746 τόν
93 1705 218 1754 Ἀσκληπιόν,
232 1709 266 1746 καὶ
280 1706 323 1747 οἷον
337 1704 493 1760 ἀποκρινόμενος
509 1705 557 1746 τόδε
575 1708 626 1760 (μησί
642 1704 680 1753 ,,τδ

45 1774 105 1812 θεῖον
114 1770 170 1812 καθὸ
180 1770 235 1819 θεός,
250 1768 266 1811 ὦ
274 1774 381 1820 Ἀσκληπιὲ,
390 1771 499 1822 ιίγέννητόν
508 1777 558 1812 ἐστι·
573 1776 589 1810 εὶ
598 1772 617 1810 δ’
624 1771 682 1821 ἀγέν-

46 1852 107 1885 νητον
123 1841 158 1878 καὶ
175 1837 318 1877 ἀνονσίαστον·
336 1834 359 1876 τό
374 1838 392 1876 δ’
404 1837 538 1877 ἀνουσίαστον
554 1835 633 1883 πάντας
647 1836 682 1876 οῦκ

47 1906 68 1941 ὲν
82 1902 178 1951 αἰσθήσει
194 1902 322 1954 περιληπτόν,
341 1901 393 1942 ἀλλδ
406 1901 470 1954 μόνον
485 1902 569 1950 νοητόν·
586 1904 645 1941 τοῦτο
664 1901 683 1940 δ’

48 1967 142 2016 ἀκίνητον
160 1968 184 2008 δν
200 1968 266 2009 πάνθ’
285 1970 319 2009 ὑπ’
335 1969 397 2008 αὐτοῦ
414 1973 495 2008 κινεῖται
512 1971 546 2007 καὶ
562 1974 682 2019 προνοεῖται,

48 2033 107 2087 φύσει
125 2033 209 2085 ἀγαθόν
227 2033 264 2075 όνω
281 2037 315 2074 καὶ
327 2032 353 2073 τίι
371 2033 430 2074 λοιποὶ
448 2036 483 2082 τῆς
501 2036 627 2086 προγνωσίας
643 2035 682 2071 τῶν

48 2099 128 2139 πάντων
142 2104 176 2140 καὶ
190 2100 271 2154 φύσεως.
295 2103 361 2139 ἐ’πειτα
374 2099 527 2153 προτεινόμενος
535 2098 585 2151 πρὸς
597 2097 639 2137 Τολτ
647 2095 683 2137 τόν

50 2164 153 2216 διάλογον,
167 2169 236 2218 πρῦτα
249 2170 285 2217 μὲν
299 2166 325 2211 ὡς
339 2164 397 2217 εὐχὴν
413 2167 495 2205 ἐκτελῶν
511 2165 571 2205 πόλιν
584 2165 683 2217 φαίνεται,

49 2234 84 2271 καὶ
97 2231 145 2272 οἷον
155 2232 243 2282 εξνμυεῖν
256 2230 279 2271 τό
293 2234 352 2271 θεῖον
367 2234 427 2272 δοκεῖ’
443 2232 484 2271 εἶτα
492 2231 600 2273 κάνταῦθα
609 2227 636 2269 τὰ
648 2231 684 2278 τῆς

49 2300 110 2354 θείας
128 2296 205 2352 φύσεως
222 2296 337 2344 ἐπιδεικνύς,
354 2297 404 2348 πρὸς
417 2296 494 2342 τούτοις
507 2312 527 2335 τε
542 2295 641 2349 ἀριδήλως
655 2298 684 2336 δι-

50 2363 117 2405 διίσκει
130 2367 164 2405 καὶ
176 2362 213 2413 τὴν
229 2361 328 2403 ἐπάνοδον
345 2366 384 2403 τῶν
398 2365 475 2416 ψυχῶν,
492 2363 642 2415 βαπτιζομένων
657 2367 683 2407 εὶς
