1591 2531
105 151 126 182 98
333 145 377 181 Νοῦς
388 144 428 189 πρὸς
438 144 505 189 Ἑρμῆν.
666 156 698 185 cap.
711 145 737 176 ll.

104 240 184 291 νοήσας,
196 241 288 295 χρόνους,
301 237 386 287 τόπους,
398 237 512 292 πράγματα,
525 236 637 286 ποιότητας,
651 234 738 285 ποσότη-

64 310 87 350 21
103 325 144 356 τας,
159 308 244 349 δύνασαι
257 308 329 356 νοῆσαι
342 304 378 346 τὸν
391 304 449 346 θεόν,
477 303 512 345 ἐὰν
526 307 547 344 δὲ
560 306 688 359 κατακλείσγς
701 317 738 344 σου

104 374 143 424 τὴν
156 375 223 427 ψυχὴν
236 379 257 414 ὲν
270 375 299 424 τῷ
316 373 439 425 σώματιναί
452 370 573 425 ταπεινώσῃς
590 369 703 420 αῦτὴνιααὶ-
712 371 738 410 si·
749 378 758 410 3

104 458 146 496 πγς,
160 442 217 481 οὐδὲν
230 443 275 488 νοῦ,
289 440 347 480 οῦδὲν
360 440 451 491 δύναμαι,
465 439 568 492 φοβοῦμαι
577 436 614 485 τὴν
623 437 739 486 θάλασσαν,

104 513 131 554 είς
145 506 180 547 τὸν
195 506 281 561 οὐρανὸν
291 507 393 559 ἀναβῆναι
405 505 429 544 οῦ
438 502 529 555 δύναμαι,
544 503 579 543 οῦκ
588 502 633 543 οἶδα
642 505 672 549 τίς
680 502 739 555 ἤμην,

104 575 139 614 οῦκ
153 574 198 614 otta
212 577 242 621 τίς
255 577 331 626 ἔσομαι,
344 576 363 612 τί
377 574 409 612 σοὶ
422 572 497 621 καὶτῷ
511 572 565 621 θεοῖς
584 569 640 610 οῦδὲν
653 568 691 623 γὰρ
706 569 759 610 tvi-o

103 656 165 681 υασαι
178 643 217 681 τῶν
231 643 296 680 καλῶν
309 642 342 679 καὶ
359 638 454 689 ἀγαθῶν,
472 636 613 691 φιλοσώματος
629 639 663 676 καὶ
679 634 739 682 κακὸς

105 706 137 756 liv,
151 709 231 756 νοῆσαι·
245 706 258 754 ἡ
272 703 310 757 γάρ
323 707 389 744 τελεία
401 706 461 743 κακία
474 701 497 743 τὸ
511 703 591 755 ιἰγνοιῖν
603 701 628 743 τὸ
637 701 739 751 &sioraco

105 777 126 814 δὲ
140 774 242 813 δύνασθαι
254 775 328 823 γνῶναι
342 773 376 810 καὶ
389 773 478 818 θελῆσαι
491 773 525 810 καὶ
539 773 618 810 ἐλπίσαι
627 769 674 816 ὁδός
687 774 759 811 locali]

105 840 180 886 εὐθεῖα,
194 841 235 878 idio
249 841 285 878 τοῦ
299 838 387 889 ἀγαθοῦ,
400 840 434 877 καὶ
447 841 545 892 φέρουσα,
556 838 670 890 ualentia·
685 834 740 876 ὁδεῦ-

105 908 148 946 οντί
157 920 190 945 σοι
199 905 302 956 πανταχοῦ
311 902 433 952 συναντήσει,
446 905 550 955 πανταχοῦ
558 902 679 958 ὀφθήσεται,
689 900 740 942 ὅπου

105 988 126 1012 τε
139 975 173 1012 καὶ
187 970 220 1011 ὅτε
234 971 258 1010 οῦ
270 972 392 1023 προσδοκᾷς,
405 972 544 1023 γρηγοροῦυτι,
557 973 680 1021 κοιμωμένῳ,
694 971 740 1008 πλέ-
751 978 771 1008 12

106 1055 153 1087 οντι,
167 1037 260 1084 ὁδεύοντι,
274 1035 349 1084 νυκτός,
362 1036 442 1089 ἡμέρας,
451 1038 549 1084 λαλοῦντι,
563 1037 670 1075 σιωπῶντα
684 1035 740 1075 οῦδὲν

105 1104 143 1158 γιίρ
158 1109 211 1144 ἐστιν
225 1102 236 1142 ὃ
251 1102 287 1142 οῦκ
300 1105 353 1142 ’ἐστιν
367 1100 422 1149 cincla
435 1105 472 1142 τοῦ
485 1104 549 1142 θείου.

65 1171 90 1211 22
147 1170 217 1223 Ἑρμῆ
222 1186 237 1215 ς.
255 1168 346 1222 Ἁόρατος
360 1168 371 1207 ὁ
386 1167 445 1218 θεός,-

149 1369 164 1398 l.
175 1367 237 1408 νοήσεις
250 1367 278 1397 ΑΒ
291 1367 334 1405 Verg.
346 1367 384 1396 Patr.
438 1367 452 1396 2.
464 1374 498 1396 onte
512 1364 580 1397 δύνασαι
592 1366 632 1396 Patr.
645 1367 680 1396 add.
692 1363 741 1398 οῦποι.

149 1420 164 1450 3.
177 1419 235 1459 ἑαυτὴν
245 1419 264 1449 Α.
318 1418 334 1448 5.
345 1414 392 1458 ἤμην]
404 1418 437 1457 εἶμί
447 1416 486 1447 Patr.
538 1417 552 1447 7.
563 1417 592 1447 τὸν
603 1417 652 1448 καλὸν
663 1418 690 1447 καὶ
700 1414 742 1457 ἄγα-

150 1468 183 1501 θόν
195 1471 214 1500 Α.
267 1469 283 1500 8.
294 1470 347 1500 τελεία
357 1465 413 1506 κακία]
425 1469 511 1510 τρισκααία
521 1468 560 1498 Patr.
578 1465 587 1508 ll
616 1468 635 1499 ἰὰ
647 1466 700 1505 θεῖον]
714 1467 742 1498 τὸν

150 1519 191 1552 θεόν
201 1521 242 1550 Patr.
291 1519 317 1549 10.
328 1526 362 1559 post
373 1515 431 1549 εῦθεῖα
440 1519 480 1550 Patr,
492 1520 526 1557 add.
538 1520 565 1549 καὶ
575 1523 620 1549 θεῖα.
668 1518 694 1549 12.
705 1531 743 1560 γρη-

151 1571 232 1614 γοροῦντι,
246 1572 335 1612 κοιμωμένῳ
349 1581 379 1600 orn.
391 1570 410 1600 A.
465 1569 489 1601 14,
501 1569 545 1601 εἰκών
555 1568 584 1601 τοῦ
595 1568 651 1608 θείου]
665 1569 686 1599 sic
696 1570 743 1607 Pate,

150 1625 166 1653 ἐν
183 1621 231 1653 eludia
247 1622 300 1663 ταφῆς
315 1620 375 1661 reliqui,
396 1617 403 1661 ΙΙ
437 1630 471 1661 post
486 1623 535 1652 θείου
551 1621 591 1652 Patr.
605 1622 639 1652 add.
656 1616 691 1651 εἶτα
708 1621 743 1661 (γῆς.

151 1674 176 1704 15.
183 1671 242 1713 etp-99
249 1685 262 1702 r.
268 1672 281 1703 l.
292 1683 390 1713 personarum
401 1671 511 1702 distinctionem
522 1684 539 1702 ea
549 1672 600 1702 Ficini
610 1671 678 1703 versione
687 1671 743 1702 addidi.

110 1870 145 1898 res,
159 1856 254 1901 qualitates,
269 1857 379 1900 quantitates,
388 1858 413 1889 sie
425 1858 488 1901 poteris
501 1856 591 1900 inlelligere
607 1857 667 1890 denna.-
680 1858 696 1889 si
706 1868 744 1889 vero

110 1908 196 1942 incluseris
208 1909 275 1940 animam
288 1912 330 1940 tuam
340 1908 358 1940 in
369 1919 437 1953 corpore
448 1913 464 1940 et
474 1907 550 1941 humilem
561 1919 595 1941 eam
605 1907 663 1941 feceris
675 1913 691 1941 et
702 1907 746 1941 dirc-

111 1961 142 1999 ris,
156 1958 197 1991 nihil
210 1958 292 2004 intelligo,
303 1957 345 1991 nihil
355 1971 430 2004 possum,
443 1960 492 1992 timeo
503 1972 554 2000 mare,
568 1960 585 1992 in
596 1959 657 1993 caelum
667 1959 746 1992 scandere

111 2022 144 2043 non
151 2022 224 2055 possum,
234 2011 289 2043 nescio
298 2011 334 2054 quis
341 2010 404 2051 fuerim,
414 2012 470 2044 nescio
478 2012 514 2054 quis
524 2011 566 2051 fiam,
577 2010 617 2056 quid
623 2010 654 2043 tihi
662 2013 697 2044 cum
704 2010 746 2043 θεολ

111 2061 153 2095 nihil
167 2062 209 2094 enim
222 2067 270 2105 potes
284 2061 389 2106 pulchrorum
403 2069 419 2095 et
432 2063 512 2095 honorum
525 2062 623 2107 intelligere,
634 2064 673 2095 cum
686 2073 745 2106 corpus

112 2124 155 2146 ames
167 2118 184 2145 et
194 2111 246 2145 mains
257 2113 285 2145 sis.
300 2118 370 2146 extrema
380 2125 419 2146 vero
430 2114 501 2159 pravitas
513 2119 538 2146 est
548 2115 622 2157 ignorare
633 2113 687 2153 deum,
696 2124 747 2145 nosse

112 2176 151 2197 vero
163 2170 180 2196 et
190 2163 233 2196 velle
245 2170 261 2196 et
271 2175 338 2209 sperare
348 2175 398 2209 posse
408 2165 434 2196 via
446 2170 471 2196 est
481 2170 533 2203 recta,
546 2165 612 2210 propria
622 2164 661 2197 boni
673 2169 689 2196 et
699 2163 747 2209 plana

115 2220 131 2246 et
141 2215 201 2254 lacilis3
214 2216 297 2247 itineranti
307 2214 338 2247 tibi
348 2214 409 2259 ubique
420 2222 493 2248 occurret
504 2222 521 2249 et
531 2216 591 2261 ubique
602 2222 681 2255 cernetur,
692 2215 747 2247 abiet

116 2265 179 2309 quando
186 2278 219 2299 non
226 2271 317 2312 exspectas,
324 2266 402 2311 vigilanti,
410 2266 590 2313 dormient1,nav1gant1‚
597 2267 685 2305 itineranti,
689 2266 746 2305 noctu,

115 2315 192 2356 interdiu,
202 2314 281 2362 ldquenti,
292 2319 360 2359 tacenli3
370 2317 411 2351 nihil
423 2324 448 2352 est
459 2320 507 2360 enim,
520 2319 564 2364 quod
575 2331 608 2351 nou
620 2319 642 2350 sit
652 2318 704 2381 irnago
715 2316 746 2350 (lei.

147 2365 232 2400 Hermes
249 2368 337 2402 Invisibilis
349 2375 374 2402 est
368 2369 435 2402 tdeus?
