<?xml version="1.0" encoding="UTF-8"?>
<!DOCTYPE html PUBLIC "-//W3C//DTD XHTML 1.0 Transitional//EN"
    "http://www.w3.org/TR/xhtml1/DTD/xhtml1-transitional.dtd">
<html xmlns="http://www.w3.org/1999/xhtml" xml:lang="en" lang="en">
 <head>
  <title>
</title>
<meta http-equiv="Content-Type" content="text/html;charset=utf-8" />
  <meta name='ocr-system' content='tesseract 3.04.00' />
  <meta name='ocr-capabilities' content='ocr_page ocr_carea ocr_par ocr_line ocrx_word'/>
</head>
<body>
  <div class='ocr_page' id='page_1' title='image "./MN40039ucmf_5_0169.png"; bbox 0 0 1591 2531; ppageno 0'>
   <div class='ocr_carea' id='block_1_1' title="bbox 49 134 686 180">
    <p class='ocr_par' dir='ltr' id='par_1_1' title="bbox 49 134 686 180">
     <span class='ocr_line' id='line_1_1' title="bbox 49 134 686 180; baseline 0 -12"><span class='ocrx_word' id='word_1_1' title='bbox 49 149 80 179; x_wconf 78' lang='lat' dir='ltr'>cop,</span> <span class='ocrx_word' id='word_1_2' title='bbox 93 136 118 169; x_wconf 83' lang='grc'>14.</span> <span class='ocrx_word' id='word_1_3' title='bbox 129 144 131 147; x_wconf 91' lang='grc'><strong><em>·</em></strong></span> <span class='ocrx_word' id='word_1_4' title='bbox 294 136 338 180; x_wconf 79' lang='grc' dir='ltr'><em>Πρὸς</em></span> <span class='ocrx_word' id='word_1_5' title='bbox 347 134 446 178; x_wconf 76' lang='grc' dir='ltr'><em>Ἀσκληπιόν.</em></span> <span class='ocrx_word' id='word_1_6' title='bbox 655 136 686 168; x_wconf 84' lang='grc'>133</span> 
     </span>
    </p>
   </div>
   <div class='ocr_carea' id='block_1_2' title="bbox 8 226 713 1014">
    <p class='ocr_par' dir='ltr' id='par_1_2' title="bbox 46 226 686 283">
     <span class='ocr_line' id='line_1_2' title="bbox 46 226 686 283; baseline 0.003 -14"><span class='ocrx_word' id='word_1_7' title='bbox 46 228 159 281; x_wconf 72' lang='grc' dir='ltr'><em>πάσχουσιν</em></span> <span class='ocrx_word' id='word_1_8' title='bbox 173 232 192 268; x_wconf 80' lang='grc' dir='ltr'>οἱ</span> <span class='ocrx_word' id='word_1_9' title='bbox 205 230 307 268; x_wconf 62' lang='grc' dir='ltr'><em>τοιοῦτον</em></span> <span class='ocrx_word' id='word_1_10' title='bbox 317 227 358 269; x_wconf 83' lang='grc' dir='ltr'>τὸν</span> <span class='ocrx_word' id='word_1_11' title='bbox 366 227 405 283; x_wconf 80' lang='grc' dir='ltr'>γάρ</span> <span class='ocrx_word' id='word_1_12' title='bbox 414 227 466 269; x_wconf 84' lang='grc' dir='ltr'><em>θεὸν</em></span> <span class='ocrx_word' id='word_1_13' title='bbox 475 226 586 283; x_wconf 73' lang='grc' dir='ltr'><em>φάσκοντες</em></span> <span class='ocrx_word' id='word_1_14' title='bbox 599 228 686 282; x_wconf 78' lang='grc' dir='ltr'><em>εὐσεβεῖν</em></span> 
     </span>
    </p>

    <p class='ocr_par' dir='ltr' id='par_1_3' title="bbox 8 293 684 349">
     <span class='ocr_line' id='line_1_3' title="bbox 8 293 684 349; baseline 0 -13"><span class='ocrx_word' id='word_1_15' title='bbox 8 332 11 336; x_wconf 20' lang='grc' dir='ltr'><strong>Α</strong></span> <span class='ocrx_word' id='word_1_16' title='bbox 48 312 69 336; x_wconf 80' lang='grc' dir='ltr'><em>τε</em></span> <span class='ocrx_word' id='word_1_17' title='bbox 82 299 117 345; x_wconf 78' lang='grc' dir='ltr'>καὶ</span> <span class='ocrx_word' id='word_1_18' title='bbox 130 296 225 346; x_wconf 78' lang='grc' dir='ltr'><em>εὐλογεῖν,</em></span> <span class='ocrx_word' id='word_1_19' title='bbox 243 297 272 346; x_wconf 74' lang='grc' dir='ltr'>τῷ</span> <span class='ocrx_word' id='word_1_20' title='bbox 288 293 325 347; x_wconf 44' lang='grc' dir='ltr'>μὴ’</span> <span class='ocrx_word' id='word_1_21' title='bbox 334 294 370 344; x_wconf 82' lang='grc' dir='ltr'>τὴν</span> <span class='ocrx_word' id='word_1_22' title='bbox 387 297 427 336; x_wconf 80' lang='grc' dir='ltr'><em>τοῖν</em></span> <span class='ocrx_word' id='word_1_23' title='bbox 439 295 520 349; x_wconf 73' lang='grc' dir='ltr'><em>πάντιον</em></span> <span class='ocrx_word' id='word_1_24' title='bbox 536 296 619 342; x_wconf 75' lang='grc' dir='ltr'><em>ποίησιν,</em></span> <span class='ocrx_word' id='word_1_25' title='bbox 630 296 684 347; x_wconf 73' lang='grc' dir='ltr'><em>αὐτῷ</em></span> 
     </span>
    </p>

    <p class='ocr_par' dir='ltr' id='par_1_4' title="bbox 29 359 686 417">
     <span class='ocr_line' id='line_1_4' title="bbox 29 359 686 417; baseline 0.003 -16"><span class='ocrx_word' id='word_1_26' title='bbox 29 372 37 401; x_wconf 79' lang='lat'><strong>3</strong></span> <span class='ocrx_word' id='word_1_27' title='bbox 49 363 174 410; x_wconf 79' lang='grc' dir='ltr'><em>ἀνατιθέναι,</em></span> <span class='ocrx_word' id='word_1_28' title='bbox 189 360 238 403; x_wconf 74' lang='grc' dir='ltr'><em>οὔτε</em></span> <span class='ocrx_word' id='word_1_29' title='bbox 246 359 282 402; x_wconf 81' lang='grc' dir='ltr'>τάν</span> <span class='ocrx_word' id='word_1_30' title='bbox 295 360 347 402; x_wconf 86' lang='grc' dir='ltr'><em>θεὸν</em></span> <span class='ocrx_word' id='word_1_31' title='bbox 360 363 424 404; x_wconf 57' lang='grc' dir='ltr'><em>ἴσασι)</em></span> <span class='ocrx_word' id='word_1_32' title='bbox 437 361 487 417; x_wconf 80' lang='grc' dir='ltr'><em>πρὸς</em></span> <span class='ocrx_word' id='word_1_33' title='bbox 501 364 522 402; x_wconf 77' lang='grc' dir='ltr'>δὲ</span> <span class='ocrx_word' id='word_1_34' title='bbox 535 363 563 413; x_wconf 75' lang='grc' dir='ltr'>τῷ</span> <span class='ocrx_word' id='word_1_35' title='bbox 575 360 604 415; x_wconf 79' lang='grc' dir='ltr'>μή</span> <span class='ocrx_word' id='word_1_36' title='bbox 614 364 686 403; x_wconf 73' lang='grc' dir='ltr'><em>εἰδέναι</em></span> 
     </span>
    </p>

    <p class='ocr_par' dir='ltr' id='par_1_5' title="bbox 49 426 685 487">
     <span class='ocr_line' id='line_1_5' title="bbox 49 426 685 487; baseline 0 -19"><span class='ocrx_word' id='word_1_37' title='bbox 49 432 83 469; x_wconf 82' lang='grc' dir='ltr'>καὶ</span> <span class='ocrx_word' id='word_1_38' title='bbox 92 426 122 487; x_wconf 75' lang='grc' dir='ltr'>,τά</span> <span class='ocrx_word' id='word_1_39' title='bbox 135 433 218 481; x_wconf 84' lang='grc' dir='ltr'><em>μέγιστα</em></span> <span class='ocrx_word' id='word_1_40' title='bbox 232 434 259 476; x_wconf 80' lang='grc' dir='ltr'><em>εὶς</em></span> <span class='ocrx_word' id='word_1_41' title='bbox 273 428 334 470; x_wconf 83' lang='grc' dir='ltr'><em>αὐτὸν</em></span> <span class='ocrx_word' id='word_1_42' title='bbox 348 428 448 480; x_wconf 74' lang='grc' dir='ltr'><em>ἀσεβοῦσι,</em></span> <span class='ocrx_word' id='word_1_43' title='bbox 460 428 599 482; x_wconf 76' lang='grc' dir='ltr'><em>πάθοςαῦτῷ</em></span> <span class='ocrx_word' id='word_1_44' title='bbox 611 443 685 482; x_wconf 73' lang='grc' dir='ltr'><em>περιτι·</em></span> 
     </span>
    </p>

    <p class='ocr_par' dir='ltr' id='par_1_6' title="bbox 49 493 685 551">
     <span class='ocr_line' id='line_1_6' title="bbox 49 493 685 551; baseline 0.002 -15"><span class='ocrx_word' id='word_1_45' title='bbox 49 499 120 542; x_wconf 81' lang='grc' dir='ltr'><em>θέντες</em></span> <span class='ocrx_word' id='word_1_46' title='bbox 140 496 254 551; x_wconf 74' lang='grc' dir='ltr'><em>ὑπεροψίαν</em></span> <span class='ocrx_word' id='word_1_47' title='bbox 269 494 282 545; x_wconf 77' lang='grc' dir='ltr'><em>ἀ</em></span> <span class='ocrx_word' id='word_1_48' title='bbox 300 496 414 547; x_wconf 71' lang='grc' dir='ltr'><em>ἀδυναμίαν</em></span> <span class='ocrx_word' id='word_1_49' title='bbox 432 493 444 544; x_wconf 80' lang='grc' dir='ltr'><em>ἢ</em></span> <span class='ocrx_word' id='word_1_50' title='bbox 461 494 544 546; x_wconf 85' lang='grc' dir='ltr'><em>άγνοιαν</em></span> <span class='ocrx_word' id='word_1_51' title='bbox 561 494 575 544; x_wconf 79' lang='grc' dir='ltr'><em>ἢ</em></span> <span class='ocrx_word' id='word_1_52' title='bbox 593 495 685 551; x_wconf 79' lang='grc' dir='ltr'><em>φθόνον·</em></span> 
     </span>
    </p>

    <p class='ocr_par' dir='ltr' id='par_1_7' title="bbox 29 561 686 682">
     <span class='ocr_line' id='line_1_7' title="bbox 29 561 686 618; baseline 0.002 -17"><span class='ocrx_word' id='word_1_53' title='bbox 29 572 38 601; x_wconf 84' lang='grc'>6</span> <span class='ocrx_word' id='word_1_54' title='bbox 50 567 66 602; x_wconf 82' lang='grc' dir='ltr'><em>εὶ</em></span> <span class='ocrx_word' id='word_1_55' title='bbox 79 561 117 616; x_wconf 73' lang='grc' dir='ltr'>γάρ</span> <span class='ocrx_word' id='word_1_56' title='bbox 131 561 159 616; x_wconf 81' lang='grc' dir='ltr'>μὴ</span> <span class='ocrx_word' id='word_1_57' title='bbox 174 563 244 612; x_wconf 42' lang='grc' dir='ltr'><em>πάντα,</em></span> <span class='ocrx_word' id='word_1_58' title='bbox 253 570 314 610; x_wconf 90' lang='grc' dir='ltr'><em>ποιεῖ,</em></span> <span class='ocrx_word' id='word_1_59' title='bbox 331 563 465 618; x_wconf 80' lang='grc' dir='ltr'><em>ῦπερηφανῶν</em></span> <span class='ocrx_word' id='word_1_60' title='bbox 482 561 510 605; x_wconf 69' lang='grc' dir='ltr'>οῦ,</span> <span class='ocrx_word' id='word_1_61' title='bbox 518 568 571 602; x_wconf 88' lang='grc' dir='ltr'><em>ποιεῖ</em></span> <span class='ocrx_word' id='word_1_62' title='bbox 583 561 597 612; x_wconf 80' lang='grc' dir='ltr'><strong><em>ἢ</em></strong></span> <span class='ocrx_word' id='word_1_63' title='bbox 609 561 643 614; x_wconf 74' lang='grc' dir='ltr'>μὴ,</span> <span class='ocrx_word' id='word_1_64' title='bbox 652 565 686 603; x_wconf 82' lang='grc' dir='ltr'>ὃν·</span> 
     </span>
     <span class='ocr_line' id='line_1_8' title="bbox 49 627 608 682; baseline -0.004 -13"><span class='ocrx_word' id='word_1_65' title='bbox 49 628 136 682; x_wconf 82' lang='grc' dir='ltr'><em>νάμενος</em></span> <span class='ocrx_word' id='word_1_66' title='bbox 149 628 162 677; x_wconf 75' lang='grc' dir='ltr'><em>ἢ</em></span> <span class='ocrx_word' id='word_1_67' title='bbox 176 627 281 680; x_wconf 76' lang='grc' dir='ltr'><em>’ἀγυοῶνῆ</em></span> <span class='ocrx_word' id='word_1_68' title='bbox 295 631 390 682; x_wconf 79' lang='grc' dir='ltr'><em>φθονῶν·</em></span> <span class='ocrx_word' id='word_1_69' title='bbox 405 627 452 681; x_wconf 80' lang='grc' dir='ltr'><em>ὅπερ</em></span> <span class='ocrx_word' id='word_1_70' title='bbox 467 630 522 672; x_wconf 79' lang='grc' dir='ltr'><em>ἐστὶν</em></span> <span class='ocrx_word' id='word_1_71' title='bbox 534 628 608 678; x_wconf 80' lang='grc' dir='ltr'><em>ἀσεβές.</em></span> 
     </span>
    </p>

    <p class='ocr_par' dir='ltr' id='par_1_8' title="bbox 88 693 713 747">
     <span class='ocr_line' id='line_1_9' title="bbox 88 693 713 747; baseline -0.002 -13"><span class='ocrx_word' id='word_1_72' title='bbox 88 696 111 734; x_wconf 86' lang='grc' dir='ltr'><em>Ὁ</em></span> <span class='ocrx_word' id='word_1_73' title='bbox 124 693 162 747; x_wconf 80' lang='grc' dir='ltr'>γάρ</span> <span class='ocrx_word' id='word_1_74' title='bbox 176 694 226 742; x_wconf 87' lang='grc' dir='ltr'><em>θεὸς</em></span> <span class='ocrx_word' id='word_1_75' title='bbox 240 697 260 736; x_wconf 75' lang='grc' dir='ltr'>ἓν</span> <span class='ocrx_word' id='word_1_76' title='bbox 273 693 337 747; x_wconf 87' lang='grc' dir='ltr'><em>μόνον</em></span> <span class='ocrx_word' id='word_1_77' title='bbox 350 694 419 741; x_wconf 88' lang='grc' dir='ltr'><em>πάθος</em></span> <span class='ocrx_word' id='word_1_78' title='bbox 433 695 516 746; x_wconf 70' lang='grc' dir='ltr'><em>ἔχει,τά</em></span> <span class='ocrx_word' id='word_1_79' title='bbox 530 693 624 745; x_wconf 83' lang='grc' dir='ltr'><em>ἀγαθόν·</em></span> <span class='ocrx_word' id='word_1_80' title='bbox 641 695 651 734; x_wconf 84' lang='grc' dir='ltr'>ὁ</span> <span class='ocrx_word' id='word_1_81' title='bbox 666 696 687 734; x_wconf 75' lang='grc' dir='ltr'>δὲ</span> <span class='ocrx_word' id='word_1_82' title='bbox 701 693 713 733; x_wconf 84' lang='grc'><strong>9</strong></span> 
     </span>
    </p>

    <p class='ocr_par' dir='ltr' id='par_1_9' title="bbox 30 758 686 815">
     <span class='ocr_line' id='line_1_10' title="bbox 30 758 686 815; baseline -0.003 -14"><span class='ocrx_word' id='word_1_83' title='bbox 30 772 39 801; x_wconf 85' lang='grc'><strong>9</strong></span> <span class='ocrx_word' id='word_1_84' title='bbox 51 760 133 813; x_wconf 84' lang='grc' dir='ltr'><em>ἀγαθὸς</em></span> <span class='ocrx_word' id='word_1_85' title='bbox 149 759 193 801; x_wconf 84' lang='grc' dir='ltr'><em>οῦτε</em></span> <span class='ocrx_word' id='word_1_86' title='bbox 210 761 338 815; x_wconf 78' lang='grc' dir='ltr'><em>ὑπερήφανος</em></span> <span class='ocrx_word' id='word_1_87' title='bbox 356 760 401 801; x_wconf 82' lang='grc' dir='ltr'><em>οῦτε</em></span> <span class='ocrx_word' id='word_1_88' title='bbox 415 760 515 806; x_wconf 77' lang='grc' dir='ltr'><em>ἀδύνατος</em></span> <span class='ocrx_word' id='word_1_89' title='bbox 528 758 572 801; x_wconf 80' lang='grc' dir='ltr'><em>οὕτε</em></span> <span class='ocrx_word' id='word_1_90' title='bbox 586 759 611 801; x_wconf 77' lang='lat' dir='ltr'>col</span> <span class='ocrx_word' id='word_1_91' title='bbox 625 758 686 801; x_wconf 87' lang='grc' dir='ltr'><em>ἀλλα·</em></span> 
     </span>
    </p>

    <p class='ocr_par' dir='ltr' id='par_1_10' title="bbox 50 823 687 881">
     <span class='ocr_line' id='line_1_11' title="bbox 50 823 687 881; baseline -0.003 -13"><span class='ocrx_word' id='word_1_92' title='bbox 50 831 110 869; x_wconf 86' lang='grc' dir='ltr'><em>τοῦτο</em></span> <span class='ocrx_word' id='word_1_93' title='bbox 124 826 162 881; x_wconf 82' lang='grc' dir='ltr'>γάρ</span> <span class='ocrx_word' id='word_1_94' title='bbox 180 832 233 868; x_wconf 76' lang='grc' dir='ltr'><em>ἐστιν</em></span> <span class='ocrx_word' id='word_1_95' title='bbox 247 827 257 867; x_wconf 88' lang='grc' dir='ltr'><em>ὁ</em></span> <span class='ocrx_word' id='word_1_96' title='bbox 271 826 331 875; x_wconf 87' lang='grc' dir='ltr'><em>θεός,</em></span> <span class='ocrx_word' id='word_1_97' title='bbox 349 829 372 867; x_wconf 85' lang='grc' dir='ltr'>τὸ</span> <span class='ocrx_word' id='word_1_98' title='bbox 386 827 478 879; x_wconf 85' lang='grc' dir='ltr'><em>ἀγαθόν,</em></span> <span class='ocrx_word' id='word_1_99' title='bbox 495 823 511 877; x_wconf 67' lang='lat' dir='ltr'>c}</span> <span class='ocrx_word' id='word_1_100' title='bbox 528 830 585 867; x_wconf 77' lang='grc' dir='ltr'><em>πᾶσα</em></span> <span class='ocrx_word' id='word_1_101' title='bbox 603 825 687 879; x_wconf 76' lang='grc' dir='ltr'><em>δύναμις</em></span> 
     </span>
    </p>

    <p class='ocr_par' dir='ltr' id='par_1_11' title="bbox 51 890 688 945">
     <span class='ocr_line' id='line_1_12' title="bbox 51 890 688 945; baseline -0.005 -10"><span class='ocrx_word' id='word_1_102' title='bbox 51 895 88 935; x_wconf 79' lang='grc' dir='ltr'>τοῦ</span> <span class='ocrx_word' id='word_1_103' title='bbox 100 900 164 934; x_wconf 79' lang='grc' dir='ltr'><em>ποιεῖν</em></span> <span class='ocrx_word' id='word_1_104' title='bbox 177 893 202 933; x_wconf 81' lang='grc' dir='ltr'>τά</span> <span class='ocrx_word' id='word_1_105' title='bbox 215 893 293 935; x_wconf 69' lang='grc' dir='ltr'><em>πάντα*</em></span> <span class='ocrx_word' id='word_1_106' title='bbox 306 896 348 934; x_wconf 79' lang='grc' dir='ltr'>πάν</span> <span class='ocrx_word' id='word_1_107' title='bbox 361 896 382 934; x_wconf 74' lang='grc' dir='ltr'>δὲ</span> <span class='ocrx_word' id='word_1_108' title='bbox 395 891 419 933; x_wconf 83' lang='grc' dir='ltr'>τὸ</span> <span class='ocrx_word' id='word_1_109' title='bbox 432 890 527 945; x_wconf 66' lang='grc' dir='ltr'><em>γεννητὸν</em></span> <span class='ocrx_word' id='word_1_110' title='bbox 541 892 579 933; x_wconf 87' lang='grc' dir='ltr'>ῦπὸ</span> <span class='ocrx_word' id='word_1_111' title='bbox 589 895 625 933; x_wconf 89' lang='grc' dir='ltr'>τοῦ</span> <span class='ocrx_word' id='word_1_112' title='bbox 635 896 688 933; x_wconf 90' lang='grc' dir='ltr'><em>θεοῦ</em></span> 
     </span>
    </p>

    <p class='ocr_par' dir='ltr' id='par_1_12' title="bbox 21 956 688 1014">
     <span class='ocr_line' id='line_1_13' title="bbox 21 956 688 1014; baseline -0.001 -14"><span class='ocrx_word' id='word_1_113' title='bbox 21 970 41 1000; x_wconf 80' lang='lat'>12</span> <span class='ocrx_word' id='word_1_114' title='bbox 51 964 139 1013; x_wconf 78' lang='grc' dir='ltr'><em>γέγονεν,</em></span> <span class='ocrx_word' id='word_1_115' title='bbox 157 959 205 1014; x_wconf 81' lang='grc' dir='ltr'><em>ὅπερ</em></span> <span class='ocrx_word' id='word_1_116' title='bbox 219 963 273 1001; x_wconf 80' lang='grc' dir='ltr'><em>ἐστὶν</em></span> <span class='ocrx_word' id='word_1_117' title='bbox 286 959 324 1000; x_wconf 81' lang='grc' dir='ltr'>ὑπὸ</span> <span class='ocrx_word' id='word_1_118' title='bbox 338 963 375 1000; x_wconf 87' lang='grc' dir='ltr'>τοῦ</span> <span class='ocrx_word' id='word_1_119' title='bbox 387 960 471 1009; x_wconf 87' lang='grc' dir='ltr'><em>ἀγαθοῦ</em></span> <span class='ocrx_word' id='word_1_120' title='bbox 483 963 517 1000; x_wconf 80' lang='grc' dir='ltr'>καὶ</span> <span class='ocrx_word' id='word_1_121' title='bbox 533 959 570 1000; x_wconf 81' lang='grc' dir='ltr'>τοῦ</span> <span class='ocrx_word' id='word_1_122' title='bbox 582 956 608 1000; x_wconf 84' lang='grc' dir='ltr'><em>τά</em></span> <span class='ocrx_word' id='word_1_123' title='bbox 621 959 688 1000; x_wconf 88' lang='grc' dir='ltr'><em>πάντα</em></span> 
     </span>
    </p>
   </div>
   <div class='ocr_carea' id='block_1_3' title="bbox 23 1025 728 1212">
    <p class='ocr_par' dir='ltr' id='par_1_13' title="bbox 23 1025 728 1212">
     <span class='ocr_line' id='line_1_14' title="bbox 52 1025 689 1079; baseline -0.005 -11"><span class='ocrx_word' id='word_1_124' title='bbox 52 1030 162 1079; x_wconf 81' lang='grc' dir='ltr'><em>δυναμένου</em></span> <span class='ocrx_word' id='word_1_125' title='bbox 178 1035 247 1068; x_wconf 83' lang='grc' dir='ltr'><em>ποιεῖν.</em></span> <span class='ocrx_word' id='word_1_126' title='bbox 276 1032 292 1067; x_wconf 86' lang='grc' dir='ltr'><em>εὶ</em></span> <span class='ocrx_word' id='word_1_127' title='bbox 305 1030 334 1076; x_wconf 78' lang='grc' dir='ltr'>δέ,</span> <span class='ocrx_word' id='word_1_128' title='bbox 351 1030 392 1074; x_wconf 81' lang='grc' dir='ltr'>πῶς</span> <span class='ocrx_word' id='word_1_129' title='bbox 409 1029 445 1078; x_wconf 82' lang='grc' dir='ltr'>μὲν</span> <span class='ocrx_word' id='word_1_130' title='bbox 459 1025 519 1073; x_wconf 83' lang='grc' dir='ltr'><em>αῦτάς</em></span> <span class='ocrx_word' id='word_1_131' title='bbox 535 1032 596 1074; x_wconf 83' lang='grc' dir='ltr'><em>ποιεῖ,</em></span> <span class='ocrx_word' id='word_1_132' title='bbox 612 1030 654 1073; x_wconf 80' lang='grc' dir='ltr'>πῶς</span> <span class='ocrx_word' id='word_1_133' title='bbox 668 1028 689 1065; x_wconf 79' lang='grc' dir='ltr'>δὲ</span> 
     </span>
     <span class='ocr_line' id='line_1_15' title="bbox 52 1091 728 1146; baseline -0.006 -12"><span class='ocrx_word' id='word_1_134' title='bbox 52 1093 78 1134; x_wconf 78' lang='lat' dir='ltr'>roi</span> <span class='ocrx_word' id='word_1_135' title='bbox 91 1093 186 1146; x_wconf 85' lang='grc' dir='ltr'><em>γινόμενα</em></span> <span class='ocrx_word' id='word_1_136' title='bbox 194 1096 275 1145; x_wconf 79' lang='grc' dir='ltr'><em>γίνεται,</em></span> <span class='ocrx_word' id='word_1_137' title='bbox 283 1093 351 1144; x_wconf 86' lang='grc' dir='ltr'><em>βοῦλει</em></span> <span class='ocrx_word' id='word_1_138' title='bbox 359 1097 443 1145; x_wconf 76' lang='grc' dir='ltr'><em>μαθεῖν,</em></span> <span class='ocrx_word' id='word_1_139' title='bbox 457 1094 519 1142; x_wconf 67' lang='grc' dir='ltr'><em>ἔξεστί</em></span> <span class='ocrx_word' id='word_1_140' title='bbox 528 1107 570 1134; x_wconf 90' lang='grc' dir='ltr'><em>σοι·</em></span> <span class='ocrx_word' id='word_1_141' title='bbox 584 1096 613 1133; x_wconf 67' lang='lat' dir='ltr'>tot</span> <span class='ocrx_word' id='word_1_142' title='bbox 622 1093 688 1134; x_wconf 80' lang='grc' dir='ltr'><em>εἰκόνα</em></span> <span class='ocrx_word' id='word_1_143' title='bbox 703 1091 728 1130; x_wconf 84' lang='grc'>10</span> 
     </span>
     <span class='ocr_line' id='line_1_16' title="bbox 23 1156 688 1212; baseline 0 -13"><span class='ocrx_word' id='word_1_144' title='bbox 23 1169 42 1199; x_wconf 84' lang='lat'>15</span> <span class='ocrx_word' id='word_1_145' title='bbox 53 1163 160 1210; x_wconf 81' lang='grc' dir='ltr'><em>καλλίστην</em></span> <span class='ocrx_word' id='word_1_146' title='bbox 169 1164 202 1201; x_wconf 86' lang='grc' dir='ltr'>καὶ</span> <span class='ocrx_word' id='word_1_147' title='bbox 215 1160 341 1211; x_wconf 85' lang='grc' dir='ltr'><em>ὁμοιοτάτην,</em></span> <span class='ocrx_word' id='word_1_148' title='bbox 350 1156 438 1212; x_wconf 80' lang='grc' dir='ltr'><em>γευργάν</em></span> <span class='ocrx_word' id='word_1_149' title='bbox 447 1163 526 1211; x_wconf 79' lang='grc' dir='ltr'><em>σπέρμα</em></span> <span class='ocrx_word' id='word_1_150' title='bbox 534 1158 688 1211; x_wconf 84' lang='grc' dir='ltr'><em>ααταβάλλοντα</em></span> 
     </span>
    </p>
   </div>
   <div class='ocr_carea' id='block_1_4' title="bbox 95 1264 690 1722">
    <p class='ocr_par' dir='ltr' id='par_1_14' title="bbox 95 1264 690 1722">
     <span class='ocr_line' id='line_1_17' title="bbox 95 1264 689 1311; baseline -0.002 -12"><span class='ocrx_word' id='word_1_151' title='bbox 95 1268 110 1298; x_wconf 90' lang='lat' dir='ltr'>l.</span> <span class='ocrx_word' id='word_1_152' title='bbox 121 1269 136 1299; x_wconf 77' lang='lat'>2.</span> <span class='ocrx_word' id='word_1_153' title='bbox 148 1264 216 1307; x_wconf 74' lang='grc' dir='ltr'><em>εῦσεβεῖν</em></span> <span class='ocrx_word' id='word_1_154' title='bbox 226 1279 244 1298; x_wconf 79' lang='grc' dir='ltr'><em>τε</em></span> <span class='ocrx_word' id='word_1_155' title='bbox 255 1266 287 1306; x_wconf 78' lang='grc' dir='ltr'>καὶ]</span> <span class='ocrx_word' id='word_1_156' title='bbox 299 1267 320 1298; x_wconf 83' lang='lat' dir='ltr'>sic</span> <span class='ocrx_word' id='word_1_157' title='bbox 331 1267 371 1309; x_wconf 76' lang='lat' dir='ltr'>Cyn,</span> <span class='ocrx_word' id='word_1_158' title='bbox 382 1279 412 1298; x_wconf 87' lang='lat' dir='ltr'>om.</span> <span class='ocrx_word' id='word_1_159' title='bbox 423 1266 482 1308; x_wconf 80' lang='lat' dir='ltr'>reliqui.</span> <span class='ocrx_word' id='word_1_160' title='bbox 525 1267 540 1298; x_wconf 85' lang='lat'>3.</span> <span class='ocrx_word' id='word_1_161' title='bbox 551 1267 606 1308; x_wconf 72' lang='grc' dir='ltr'><em>ἴσασι]</em></span> <span class='ocrx_word' id='word_1_162' title='bbox 617 1268 638 1299; x_wconf 80' lang='grc' dir='ltr'>εἰσ</span> <span class='ocrx_word' id='word_1_163' title='bbox 649 1268 689 1311; x_wconf 70' lang='lat' dir='ltr'>Cyn,</span> 
     </span>
     <span class='ocr_line' id='line_1_18' title="bbox 96 1317 690 1362; baseline -0.003 -11"><span class='ocrx_word' id='word_1_164' title='bbox 96 1321 149 1351; x_wconf 71' lang='grc' dir='ltr'><em>οῖάασι</em></span> <span class='ocrx_word' id='word_1_165' title='bbox 159 1318 220 1360; x_wconf 81' lang='lat' dir='ltr'>reliqui.</span> <span class='ocrx_word' id='word_1_166' title='bbox 248 1318 263 1350; x_wconf 85' lang='grc'>4.</span> <span class='ocrx_word' id='word_1_167' title='bbox 271 1318 333 1358; x_wconf 77' lang='grc' dir='ltr'><em>πάθος]</em></span> <span class='ocrx_word' id='word_1_168' title='bbox 344 1318 366 1348; x_wconf 80' lang='lat' dir='ltr'>sic</span> <span class='ocrx_word' id='word_1_169' title='bbox 376 1319 416 1362; x_wconf 75' lang='lat' dir='ltr'>Cyn,</span> <span class='ocrx_word' id='word_1_170' title='bbox 428 1319 476 1359; x_wconf 73' lang='grc' dir='ltr'><em>πάθη</em></span> <span class='ocrx_word' id='word_1_171' title='bbox 486 1318 547 1360; x_wconf 84' lang='lat' dir='ltr'>reliqui.</span> <span class='ocrx_word' id='word_1_172' title='bbox 564 1320 590 1350; x_wconf 49' lang='lat'>¹5.</span> <span class='ocrx_word' id='word_1_173' title='bbox 601 1317 613 1359; x_wconf 73' lang='grc' dir='ltr'><em>ἢ</em></span> <span class='ocrx_word' id='word_1_174' title='bbox 624 1317 690 1360; x_wconf 71' lang='grc' dir='ltr'><em>ἄγνοιαν</em></span> 
     </span>
     <span class='ocr_line' id='line_1_19' title="bbox 95 1368 690 1413; baseline -0.003 -11"><span class='ocrx_word' id='word_1_175' title='bbox 95 1370 106 1411; x_wconf 70' lang='grc' dir='ltr'><em>ἢ</em></span> <span class='ocrx_word' id='word_1_176' title='bbox 117 1368 187 1413; x_wconf 76' lang='grc' dir='ltr'><em>φθόνον]</em></span> <span class='ocrx_word' id='word_1_177' title='bbox 198 1370 219 1400; x_wconf 86' lang='lat' dir='ltr'>sic</span> <span class='ocrx_word' id='word_1_178' title='bbox 230 1370 275 1406; x_wconf 76' lang='lat' dir='ltr'>Patr.¹</span> <span class='ocrx_word' id='word_1_179' title='bbox 286 1383 316 1401; x_wconf 88' lang='lat' dir='ltr'>om.</span> <span class='ocrx_word' id='word_1_180' title='bbox 327 1370 387 1411; x_wconf 83' lang='lat' dir='ltr'>reliqui.</span> <span class='ocrx_word' id='word_1_181' title='bbox 438 1370 453 1401; x_wconf 87' lang='grc'>6.</span> <span class='ocrx_word' id='word_1_182' title='bbox 464 1369 568 1413; x_wconf 70' lang='grc' dir='ltr'><em>ῦπεριγφοινῶν</em></span> <span class='ocrx_word' id='word_1_183' title='bbox 579 1368 598 1401; x_wconf 83' lang='grc' dir='ltr'>οῦ</span> <span class='ocrx_word' id='word_1_184' title='bbox 608 1370 658 1410; x_wconf 80' lang='grc' dir='ltr'><em>ποιεῖ]</em></span> <span class='ocrx_word' id='word_1_185' title='bbox 669 1370 690 1400; x_wconf 78' lang='lat' dir='ltr'>sit</span> 
     </span>
     <span class='ocr_line' id='line_1_20' title="bbox 97 1418 690 1465; baseline 0 -13"><span class='ocrx_word' id='word_1_186' title='bbox 97 1422 137 1465; x_wconf 71' lang='lat' dir='ltr'>Cyn,</span> <span class='ocrx_word' id='word_1_187' title='bbox 147 1419 159 1462; x_wconf 54' lang='lat' dir='ltr'>&#39;l</span> <span class='ocrx_word' id='word_1_188' title='bbox 170 1420 273 1464; x_wconf 73' lang='grc' dir='ltr'><em>ὑπερήφανός</em></span> <span class='ocrx_word' id='word_1_189' title='bbox 284 1424 325 1453; x_wconf 69' lang='grc' dir='ltr'><em>ἐστιν</em></span> <span class='ocrx_word' id='word_1_190' title='bbox 336 1421 396 1462; x_wconf 78' lang='lat' dir='ltr'>reliqui.</span> <span class='ocrx_word' id='word_1_191' title='bbox 426 1422 441 1453; x_wconf 84' lang='lat'>7.</span> <span class='ocrx_word' id='word_1_192' title='bbox 452 1420 463 1463; x_wconf 73' lang='grc' dir='ltr'><strong><em>ἦ</em></strong></span> <span class='ocrx_word' id='word_1_193' title='bbox 473 1418 555 1462; x_wconf 73' lang='grc' dir='ltr'><em>ἇγνοῶνῆ</em></span> <span class='ocrx_word' id='word_1_194' title='bbox 566 1421 640 1463; x_wconf 68' lang='grc' dir='ltr'><em>φθονοῦσι</em></span> <span class='ocrx_word' id='word_1_195' title='bbox 650 1421 690 1460; x_wconf 74' lang='lat' dir='ltr'>(lege</span> 
     </span>
     <span class='ocr_line' id='line_1_21' title="bbox 97 1470 690 1514; baseline -0.003 -9"><span class='ocrx_word' id='word_1_196' title='bbox 97 1470 180 1514; x_wconf 79' lang='grc' dir='ltr'><em>φθονῶν)]</em></span> <span class='ocrx_word' id='word_1_197' title='bbox 192 1474 213 1504; x_wconf 88' lang='lat' dir='ltr'>sic</span> <span class='ocrx_word' id='word_1_198' title='bbox 223 1473 269 1510; x_wconf 74' lang='lat' dir='ltr'>Pam,</span> <span class='ocrx_word' id='word_1_199' title='bbox 280 1485 311 1503; x_wconf 88' lang='lat' dir='ltr'>orn.</span> <span class='ocrx_word' id='word_1_200' title='bbox 324 1473 384 1514; x_wconf 76' lang='lat' dir='ltr'>reliqui.</span> <span class='ocrx_word' id='word_1_201' title='bbox 438 1473 453 1504; x_wconf 74' lang='grc'>9,</span> <span class='ocrx_word' id='word_1_202' title='bbox 465 1470 502 1505; x_wconf 83' lang='grc' dir='ltr'><em>οῦσε</em></span> <span class='ocrx_word' id='word_1_203' title='bbox 513 1473 536 1505; x_wconf 78' lang='grc' dir='ltr'>τὰ</span> <span class='ocrx_word' id='word_1_204' title='bbox 546 1470 596 1512; x_wconf 77' lang='grc' dir='ltr'><em>ἀλλα]</em></span> <span class='ocrx_word' id='word_1_205' title='bbox 612 1472 633 1503; x_wconf 85' lang='lat' dir='ltr'>sic</span> <span class='ocrx_word' id='word_1_206' title='bbox 643 1473 690 1510; x_wconf 75' lang='lat' dir='ltr'>Patr,</span> 
     </span>
     <span class='ocr_line' id='line_1_22' title="bbox 98 1519 690 1567; baseline -0.002 -12"><span class='ocrx_word' id='word_1_207' title='bbox 98 1537 129 1556; x_wconf 91' lang='lat' dir='ltr'>om.</span> <span class='ocrx_word' id='word_1_208' title='bbox 139 1525 198 1566; x_wconf 89' lang='lat' dir='ltr'>reliqui.</span> <span class='ocrx_word' id='word_1_209' title='bbox 252 1524 278 1556; x_wconf 82' lang='grc'>10,</span> <span class='ocrx_word' id='word_1_210' title='bbox 288 1533 323 1565; x_wconf 87' lang='lat' dir='ltr'>post</span> <span class='ocrx_word' id='word_1_211' title='bbox 333 1524 352 1555; x_wconf 85' lang='grc' dir='ltr'>τὸ</span> <span class='ocrx_word' id='word_1_212' title='bbox 362 1524 399 1556; x_wconf 86' lang='lat' dir='ltr'>libri</span> <span class='ocrx_word' id='word_1_213' title='bbox 410 1526 445 1556; x_wconf 77' lang='lat' dir='ltr'>add.</span> <span class='ocrx_word' id='word_1_214' title='bbox 455 1524 492 1567; x_wconf 73' lang='grc' dir='ltr'><em>γάρ,</em></span> <span class='ocrx_word' id='word_1_215' title='bbox 503 1537 533 1555; x_wconf 90' lang='lat' dir='ltr'>om.</span> <span class='ocrx_word' id='word_1_216' title='bbox 546 1524 580 1567; x_wconf 76' lang='lat' dir='ltr'>Cyr,</span> <span class='ocrx_word' id='word_1_217' title='bbox 598 1520 621 1565; x_wconf 72' lang='grc' dir='ltr'>λλ</span> <span class='ocrx_word' id='word_1_218' title='bbox 639 1519 658 1566; x_wconf 78' lang='grc' dir='ltr'>ᾧ]</span> <span class='ocrx_word' id='word_1_219' title='bbox 669 1524 690 1554; x_wconf 84' lang='lat' dir='ltr'>sic</span> 
     </span>
     <span class='ocr_line' id='line_1_23' title="bbox 98 1575 690 1620; baseline -0.002 -13"><span class='ocrx_word' id='word_1_220' title='bbox 98 1577 138 1620; x_wconf 77' lang='lat' dir='ltr'>Cyn,</span> <span class='ocrx_word' id='word_1_221' title='bbox 148 1576 158 1617; x_wconf 72' lang='grc' dir='ltr'><strong><em>ᾖ</em></strong></span> <span class='ocrx_word' id='word_1_222' title='bbox 168 1576 228 1618; x_wconf 78' lang='lat' dir='ltr'>reliqui.</span> <span class='ocrx_word' id='word_1_223' title='bbox 272 1575 296 1607; x_wconf 87' lang='lat'>13.</span> <span class='ocrx_word' id='word_1_224' title='bbox 308 1579 322 1607; x_wconf 76' lang='grc' dir='ltr'><em>εἰ</em></span> <span class='ocrx_word' id='word_1_225' title='bbox 333 1575 354 1614; x_wconf 75' lang='grc' dir='ltr'>δέ]</span> <span class='ocrx_word' id='word_1_226' title='bbox 366 1577 387 1607; x_wconf 79' lang='lat' dir='ltr'>sic</span> <span class='ocrx_word' id='word_1_227' title='bbox 398 1577 438 1620; x_wconf 75' lang='lat' dir='ltr'>Cyn,</span> <span class='ocrx_word' id='word_1_228' title='bbox 449 1578 473 1608; x_wconf 80' lang='grc' dir='ltr'>ἰδέ</span> <span class='ocrx_word' id='word_1_229' title='bbox 483 1576 542 1618; x_wconf 82' lang='lat' dir='ltr'>reliqui.</span> <span class='ocrx_word' id='word_1_230' title='bbox 585 1575 610 1606; x_wconf 71' lang='lat' dir='ltr'>ll.</span> <span class='ocrx_word' id='word_1_231' title='bbox 621 1585 656 1617; x_wconf 85' lang='lat' dir='ltr'>post</span> <span class='ocrx_word' id='word_1_232' title='bbox 665 1577 690 1617; x_wconf 79' lang='grc' dir='ltr'>γί-</span> 
     </span>
     <span class='ocr_line' id='line_1_24' title="bbox 97 1625 690 1671; baseline -0.003 -11"><span class='ocrx_word' id='word_1_233' title='bbox 97 1641 141 1660; x_wconf 79' lang='grc' dir='ltr'><em>νεται</em></span> <span class='ocrx_word' id='word_1_234' title='bbox 155 1628 191 1659; x_wconf 84' lang='lat' dir='ltr'>libri</span> <span class='ocrx_word' id='word_1_235' title='bbox 205 1629 239 1659; x_wconf 81' lang='lat' dir='ltr'>add.</span> <span class='ocrx_word' id='word_1_236' title='bbox 253 1630 280 1659; x_wconf 75' lang='grc' dir='ltr'>καὶ</span> <span class='ocrx_word' id='word_1_237' title='bbox 291 1630 312 1664; x_wconf 79' lang='grc' dir='ltr'><em>εἰ,</em></span> <span class='ocrx_word' id='word_1_238' title='bbox 324 1641 354 1659; x_wconf 71' lang='grc' dir='ltr'><em>οεπ,</em></span> <span class='ocrx_word' id='word_1_239' title='bbox 366 1629 400 1671; x_wconf 75' lang='lat' dir='ltr'>Cyr.</span> <span class='ocrx_word' id='word_1_240' title='bbox 419 1625 426 1669; x_wconf 71' lang='lat' dir='ltr'>ll</span> <span class='ocrx_word' id='word_1_241' title='bbox 459 1627 489 1666; x_wconf 78' lang='grc' dir='ltr'>ἰδὲ]</span> <span class='ocrx_word' id='word_1_242' title='bbox 500 1628 521 1658; x_wconf 84' lang='lat' dir='ltr'>sic</span> <span class='ocrx_word' id='word_1_243' title='bbox 532 1627 572 1670; x_wconf 72' lang='lat' dir='ltr'>Cyn,</span> <span class='ocrx_word' id='word_1_244' title='bbox 583 1629 620 1659; x_wconf 77' lang='grc' dir='ltr'><em>ἰδεῖν</em></span> <span class='ocrx_word' id='word_1_245' title='bbox 630 1627 690 1668; x_wconf 80' lang='lat' dir='ltr'>reliqui.</span> 
     </span>
     <span class='ocr_line' id='line_1_25' title="bbox 98 1671 623 1722; baseline -0.002 -12"><span class='ocrx_word' id='word_1_246' title='bbox 98 1680 124 1711; x_wconf 81' lang='lat'>15.</span> <span class='ocrx_word' id='word_1_247' title='bbox 135 1688 169 1711; x_wconf 82' lang='lat' dir='ltr'>ante</span> <span class='ocrx_word' id='word_1_248' title='bbox 179 1680 248 1722; x_wconf 78' lang='grc' dir='ltr'><em>γεωργὸν</em></span> <span class='ocrx_word' id='word_1_249' title='bbox 259 1679 295 1710; x_wconf 80' lang='lat' dir='ltr'>libri</span> <span class='ocrx_word' id='word_1_250' title='bbox 306 1681 340 1711; x_wconf 86' lang='lat' dir='ltr'>add.</span> <span class='ocrx_word' id='word_1_251' title='bbox 352 1681 378 1717; x_wconf 66' lang='lat' dir='ltr'>tor,</span> <span class='ocrx_word' id='word_1_252' title='bbox 389 1692 419 1711; x_wconf 89' lang='lat' dir='ltr'>om.</span> <span class='ocrx_word' id='word_1_253' title='bbox 432 1679 466 1722; x_wconf 76' lang='lat' dir='ltr'>Cyr.</span> <span class='ocrx_word' id='word_1_254' title='bbox 478 1676 487 1720; x_wconf 71' lang='lat' dir='ltr'>ll</span> <span class='ocrx_word' id='word_1_255' title='bbox 509 1671 594 1721; x_wconf 73' lang='grc' dir='ltr'><em>σπέρματά</em></span> <span class='ocrx_word' id='word_1_256' title='bbox 605 1677 623 1709; x_wconf 83' lang='grc' dir='ltr'>Β.</span> 
     </span>
    </p>
   </div>
   <div class='ocr_carea' id='block_1_5' title="bbox 56 1754 693 2413">
    <p class='ocr_par' dir='ltr' id='par_1_15' title="bbox 56 1754 692 2059">
     <span class='ocr_line' id='line_1_26' title="bbox 56 1754 692 1799; baseline -0.003 -11"><span class='ocrx_word' id='word_1_257' title='bbox 56 1766 92 1789; x_wconf 86' lang='lat' dir='ltr'>cum</span> <span class='ocrx_word' id='word_1_258' title='bbox 103 1756 145 1788; x_wconf 85' lang='lat' dir='ltr'>enim</span> <span class='ocrx_word' id='word_1_259' title='bbox 156 1754 203 1787; x_wconf 76' lang='lat' dir='ltr'>(lenm</span> <span class='ocrx_word' id='word_1_260' title='bbox 214 1756 288 1788; x_wconf 88' lang='lat' dir='ltr'>venerari</span> <span class='ocrx_word' id='word_1_261' title='bbox 299 1767 317 1787; x_wconf 83' lang='lat' dir='ltr'>se</span> <span class='ocrx_word' id='word_1_262' title='bbox 328 1761 345 1787; x_wconf 85' lang='lat' dir='ltr'>et</span> <span class='ocrx_word' id='word_1_263' title='bbox 355 1754 420 1787; x_wconf 81' lang='lat' dir='ltr'>laudare</span> <span class='ocrx_word' id='word_1_264' title='bbox 431 1755 491 1795; x_wconf 81' lang='lat' dir='ltr'>dicant⁷</span> <span class='ocrx_word' id='word_1_265' title='bbox 502 1756 539 1799; x_wconf 88' lang='lat' dir='ltr'>quia</span> <span class='ocrx_word' id='word_1_266' title='bbox 551 1755 566 1786; x_wconf 91' lang='lat' dir='ltr'>ei</span> <span class='ocrx_word' id='word_1_267' title='bbox 576 1766 609 1787; x_wconf 87' lang='lat' dir='ltr'>non</span> <span class='ocrx_word' id='word_1_268' title='bbox 620 1754 692 1787; x_wconf 82' lang='lat' dir='ltr'>tribuant</span> 
     </span>
     <span class='ocr_line' id='line_1_27' title="bbox 57 1805 692 1852; baseline -0.003 -12"><span class='ocrx_word' id='word_1_269' title='bbox 57 1807 127 1840; x_wconf 88' lang='lat' dir='ltr'>omnium</span> <span class='ocrx_word' id='word_1_270' title='bbox 138 1805 245 1845; x_wconf 80' lang='lat' dir='ltr'>efficientiam,</span> <span class='ocrx_word' id='word_1_271' title='bbox 256 1817 309 1850; x_wconf 82' lang='lat' dir='ltr'>nequo</span> <span class='ocrx_word' id='word_1_272' title='bbox 320 1805 367 1838; x_wconf 77' lang='lat' dir='ltr'>(lenm</span> <span class='ocrx_word' id='word_1_273' title='bbox 377 1807 436 1846; x_wconf 82' lang='lat' dir='ltr'>scinnt;</span> <span class='ocrx_word' id='word_1_274' title='bbox 448 1813 465 1840; x_wconf 80' lang='lat' dir='ltr'>et</span> <span class='ocrx_word' id='word_1_275' title='bbox 471 1812 583 1852; x_wconf 83' lang='lat' dir='ltr'>praeterquam</span> <span class='ocrx_word' id='word_1_276' title='bbox 592 1817 625 1839; x_wconf 90' lang='lat' dir='ltr'>non</span> <span class='ocrx_word' id='word_1_277' title='bbox 632 1811 692 1839; x_wconf 81' lang='lat' dir='ltr'>norunt</span> 
     </span>
     <span class='ocr_line' id='line_1_28' title="bbox 56 1857 691 1903; baseline -0.003 -12"><span class='ocrx_word' id='word_1_278' title='bbox 56 1860 104 1891; x_wconf 84' lang='lat' dir='ltr'>etiam</span> <span class='ocrx_word' id='word_1_279' title='bbox 114 1858 182 1891; x_wconf 81' lang='lat' dir='ltr'>maxime</span> <span class='ocrx_word' id='word_1_280' title='bbox 193 1859 210 1890; x_wconf 96' lang='lat' dir='ltr'>in</span> <span class='ocrx_word' id='word_1_281' title='bbox 221 1869 257 1890; x_wconf 85' lang='lat' dir='ltr'>oum</span> <span class='ocrx_word' id='word_1_282' title='bbox 268 1863 307 1890; x_wconf 92' lang='lat' dir='ltr'>sunt</span> <span class='ocrx_word' id='word_1_283' title='bbox 317 1857 367 1903; x_wconf 81' lang='lat' dir='ltr'>impii,</span> <span class='ocrx_word' id='word_1_284' title='bbox 378 1858 463 1902; x_wconf 75' lang='lat' dir='ltr'>passiones</span> <span class='ocrx_word' id='word_1_285' title='bbox 475 1859 490 1891; x_wconf 88' lang='lat' dir='ltr'>oi</span> <span class='ocrx_word' id='word_1_286' title='bbox 499 1857 590 1890; x_wconf 73' lang='lat' dir='ltr'>tribuentes</span> <span class='ocrx_word' id='word_1_287' title='bbox 600 1857 691 1902; x_wconf 81' lang='lat' dir='ltr'>superbiam</span> 
     </span>
     <span class='ocr_line' id='line_1_29' title="bbox 56 1908 692 1954; baseline -0.003 -11"><span class='ocrx_word' id='word_1_288' title='bbox 56 1909 84 1943; x_wconf 82' lang='lat' dir='ltr'>vel</span> <span class='ocrx_word' id='word_1_289' title='bbox 99 1910 210 1954; x_wconf 82' lang='lat' dir='ltr'>impotentiam</span> <span class='ocrx_word' id='word_1_290' title='bbox 224 1908 252 1941; x_wconf 86' lang='lat' dir='ltr'>vel</span> <span class='ocrx_word' id='word_1_291' title='bbox 268 1909 374 1953; x_wconf 73' lang='lat' dir='ltr'>ignorantiam</span> <span class='ocrx_word' id='word_1_292' title='bbox 388 1908 414 1942; x_wconf 88' lang='lat' dir='ltr'>vel</span> <span class='ocrx_word' id='word_1_293' title='bbox 428 1910 509 1943; x_wconf 82' lang='lat' dir='ltr'>invidiam.</span> <span class='ocrx_word' id='word_1_294' title='bbox 536 1920 572 1942; x_wconf 89' lang='lat' dir='ltr'>nam</span> <span class='ocrx_word' id='word_1_295' title='bbox 583 1910 597 1942; x_wconf 90' lang='lat' dir='ltr'>si</span> <span class='ocrx_word' id='word_1_296' title='bbox 608 1921 641 1942; x_wconf 92' lang='lat' dir='ltr'>non</span> <span class='ocrx_word' id='word_1_297' title='bbox 654 1909 692 1942; x_wconf 84' lang='lat' dir='ltr'>lacit</span> 
     </span>
     <span class='ocr_line' id='line_1_30' title="bbox 57 1959 691 2006; baseline 0 -13"><span class='ocrx_word' id='word_1_298' title='bbox 57 1965 119 2001; x_wconf 81' lang='lat' dir='ltr'>cuncta,</span> <span class='ocrx_word' id='word_1_299' title='bbox 130 1959 157 1993; x_wconf 88' lang='lat' dir='ltr'>vel</span> <span class='ocrx_word' id='word_1_300' title='bbox 167 1960 263 2006; x_wconf 87' lang='lat' dir='ltr'>superbiens</span> <span class='ocrx_word' id='word_1_301' title='bbox 274 1972 307 1993; x_wconf 93' lang='lat' dir='ltr'>non</span> <span class='ocrx_word' id='word_1_302' title='bbox 317 1960 356 1993; x_wconf 82' lang='lat' dir='ltr'>facit</span> <span class='ocrx_word' id='word_1_303' title='bbox 366 1960 393 1993; x_wconf 89' lang='lat' dir='ltr'>vel</span> <span class='ocrx_word' id='word_1_304' title='bbox 403 1961 484 2005; x_wconf 82' lang='lat' dir='ltr'>impotens</span> <span class='ocrx_word' id='word_1_305' title='bbox 494 1960 603 2005; x_wconf 81' lang='lat' dir='ltr'>relignorans</span> <span class='ocrx_word' id='word_1_306' title='bbox 614 1960 641 1993; x_wconf 86' lang='lat' dir='ltr'>vel</span> <span class='ocrx_word' id='word_1_307' title='bbox 652 1961 691 1993; x_wconf 83' lang='lat' dir='ltr'>inri-</span> 
     </span>
     <span class='ocr_line' id='line_1_31' title="bbox 57 2011 361 2059; baseline -0.007 -13"><span class='ocrx_word' id='word_1_308' title='bbox 57 2012 102 2059; x_wconf 71' lang='lat' dir='ltr'>«lens.</span> <span class='ocrx_word' id='word_1_309' title='bbox 124 2011 168 2057; x_wconf 85' lang='lat' dir='ltr'>qnod</span> <span class='ocrx_word' id='word_1_310' title='bbox 179 2011 243 2057; x_wconf 82' lang='lat' dir='ltr'>quidem</span> <span class='ocrx_word' id='word_1_311' title='bbox 254 2013 321 2057; x_wconf 88' lang='lat' dir='ltr'>impium</span> <span class='ocrx_word' id='word_1_312' title='bbox 332 2017 361 2045; x_wconf 84' lang='lat' dir='ltr'>est.</span> 
     </span>
    </p>

    <p class='ocr_par' dir='ltr' id='par_1_16' title="bbox 56 2062 693 2413">
     <span class='ocr_line' id='line_1_32' title="bbox 88 2062 692 2110; baseline -0.002 -14"><span class='ocrx_word' id='word_1_313' title='bbox 88 2064 135 2096; x_wconf 85' lang='lat' dir='ltr'>Dens</span> <span class='ocrx_word' id='word_1_314' title='bbox 146 2065 188 2096; x_wconf 88' lang='lat' dir='ltr'>enim</span> <span class='ocrx_word' id='word_1_315' title='bbox 200 2075 247 2097; x_wconf 91' lang='lat' dir='ltr'>unam</span> <span class='ocrx_word' id='word_1_316' title='bbox 259 2062 311 2096; x_wconf 82' lang='lat' dir='ltr'>solam</span> <span class='ocrx_word' id='word_1_317' title='bbox 321 2064 414 2109; x_wconf 79' lang='lat' dir='ltr'>passionem</span> <span class='ocrx_word' id='word_1_318' title='bbox 425 2063 482 2104; x_wconf 78' lang='lat' dir='ltr'>habet,</span> <span class='ocrx_word' id='word_1_319' title='bbox 496 2065 548 2110; x_wconf 89' lang='lat' dir='ltr'>ipsum</span> <span class='ocrx_word' id='word_1_320' title='bbox 560 2064 626 2104; x_wconf 89' lang='lat' dir='ltr'>bonum;</span> <span class='ocrx_word' id='word_1_321' title='bbox 639 2063 692 2096; x_wconf 89' lang='lat' dir='ltr'>bonus</span> 
     </span>
     <span class='ocr_line' id='line_1_33' title="bbox 56 2114 693 2161; baseline -0.002 -12"><span class='ocrx_word' id='word_1_322' title='bbox 56 2127 96 2149; x_wconf 83' lang='lat' dir='ltr'>vero</span> <span class='ocrx_word' id='word_1_323' title='bbox 107 2127 159 2160; x_wconf 85' lang='lat' dir='ltr'>neque</span> <span class='ocrx_word' id='word_1_324' title='bbox 169 2115 249 2161; x_wconf 86' lang='lat' dir='ltr'>superbus</span> <span class='ocrx_word' id='word_1_325' title='bbox 260 2127 313 2160; x_wconf 89' lang='lat' dir='ltr'>neque</span> <span class='ocrx_word' id='word_1_326' title='bbox 323 2116 404 2160; x_wconf 77' lang='lat' dir='ltr'>impotens</span> <span class='ocrx_word' id='word_1_327' title='bbox 415 2127 468 2160; x_wconf 87' lang='lat' dir='ltr'>neque</span> <span class='ocrx_word' id='word_1_328' title='bbox 479 2115 514 2149; x_wconf 87' lang='lat' dir='ltr'>alia.</span> <span class='ocrx_word' id='word_1_329' title='bbox 526 2116 554 2148; x_wconf 89' lang='lat' dir='ltr'>hic</span> <span class='ocrx_word' id='word_1_330' title='bbox 565 2116 607 2148; x_wconf 90' lang='lat' dir='ltr'>enim</span> <span class='ocrx_word' id='word_1_331' title='bbox 618 2114 664 2155; x_wconf 85' lang='lat' dir='ltr'>deus,</span> <span class='ocrx_word' id='word_1_332' title='bbox 675 2115 693 2148; x_wconf 82' lang='lat' dir='ltr'>itl</span> 
     </span>
     <span class='ocr_line' id='line_1_34' title="bbox 57 2166 693 2212; baseline 0.002 -14"><span class='ocrx_word' id='word_1_333' title='bbox 57 2172 83 2199; x_wconf 83' lang='lat' dir='ltr'>est</span> <span class='ocrx_word' id='word_1_334' title='bbox 93 2166 161 2206; x_wconf 80' lang='lat' dir='ltr'>bonum,</span> <span class='ocrx_word' id='word_1_335' title='bbox 177 2168 203 2199; x_wconf 87' lang='lat' dir='ltr'>cui</span> <span class='ocrx_word' id='word_1_336' title='bbox 215 2168 289 2200; x_wconf 79' lang='lat' dir='ltr'>univorsa</span> <span class='ocrx_word' id='word_1_337' title='bbox 303 2167 377 2212; x_wconf 84' lang='lat' dir='ltr'>potentia</span> <span class='ocrx_word' id='word_1_338' title='bbox 391 2172 417 2200; x_wconf 82' lang='lat' dir='ltr'>est</span> <span class='ocrx_word' id='word_1_339' title='bbox 427 2166 496 2200; x_wconf 72' lang='lat' dir='ltr'>laciencli</span> <span class='ocrx_word' id='word_1_340' title='bbox 509 2166 567 2206; x_wconf 79' lang='lat' dir='ltr'>omnia3</span> <span class='ocrx_word' id='word_1_341' title='bbox 581 2177 627 2199; x_wconf 90' lang='lat' dir='ltr'>omne</span> <span class='ocrx_word' id='word_1_342' title='bbox 641 2173 693 2199; x_wconf 86' lang='lat' dir='ltr'>antem</span> 
     </span>
     <span class='ocr_line' id='line_1_35' title="bbox 57 2216 692 2263; baseline -0.003 -12"><span class='ocrx_word' id='word_1_343' title='bbox 57 2217 128 2262; x_wconf 83' lang='lat' dir='ltr'>genitum</span> <span class='ocrx_word' id='word_1_344' title='bbox 139 2230 147 2249; x_wconf 87' lang='lat' dir='ltr'>a</span> <span class='ocrx_word' id='word_1_345' title='bbox 159 2216 189 2250; x_wconf 82' lang='lat' dir='ltr'>deo</span> <span class='ocrx_word' id='word_1_346' title='bbox 200 2219 271 2262; x_wconf 82' lang='lat' dir='ltr'>genitum</span> <span class='ocrx_word' id='word_1_347' title='bbox 282 2223 314 2258; x_wconf 74' lang='lat' dir='ltr'>est,</span> <span class='ocrx_word' id='word_1_348' title='bbox 326 2218 343 2250; x_wconf 90' lang='lat' dir='ltr'>id</span> <span class='ocrx_word' id='word_1_349' title='bbox 355 2223 380 2250; x_wconf 84' lang='lat' dir='ltr'>est</span> <span class='ocrx_word' id='word_1_350' title='bbox 391 2230 399 2250; x_wconf 84' lang='grc' dir='ltr'><em>ο</em></span> <span class='ocrx_word' id='word_1_351' title='bbox 410 2218 453 2250; x_wconf 89' lang='lat' dir='ltr'>bono</span> <span class='ocrx_word' id='word_1_352' title='bbox 465 2223 481 2251; x_wconf 85' lang='lat' dir='ltr'>et</span> <span class='ocrx_word' id='word_1_353' title='bbox 491 2218 554 2263; x_wconf 86' lang='lat' dir='ltr'>potenti</span> <span class='ocrx_word' id='word_1_354' title='bbox 568 2222 626 2250; x_wconf 80' lang='lat' dir='ltr'>cuncta</span> <span class='ocrx_word' id='word_1_355' title='bbox 636 2217 692 2251; x_wconf 82' lang='lat' dir='ltr'>facere.</span> 
     </span>
     <span class='ocr_line' id='line_1_36' title="bbox 57 2268 692 2314; baseline -0.003 -13"><span class='ocrx_word' id='word_1_356' title='bbox 57 2271 72 2302; x_wconf 87' lang='lat' dir='ltr'>si</span> <span class='ocrx_word' id='word_1_357' title='bbox 83 2268 152 2313; x_wconf 79' lang='lat' dir='ltr'>quidem,</span> <span class='ocrx_word' id='word_1_358' title='bbox 164 2268 244 2313; x_wconf 85' lang='lat' dir='ltr'>quomodo</span> <span class='ocrx_word' id='word_1_359' title='bbox 255 2270 291 2314; x_wconf 91' lang='lat' dir='ltr'>ipse</span> <span class='ocrx_word' id='word_1_360' title='bbox 302 2268 350 2301; x_wconf 81' lang='lat' dir='ltr'>faciat</span> <span class='ocrx_word' id='word_1_361' title='bbox 361 2275 377 2301; x_wconf 87' lang='lat' dir='ltr'>et</span> <span class='ocrx_word' id='word_1_362' title='bbox 388 2269 469 2314; x_wconf 84' lang='lat' dir='ltr'>quomodo</span> <span class='ocrx_word' id='word_1_363' title='bbox 480 2268 521 2301; x_wconf 83' lang='lat' dir='ltr'>lacta</span> <span class='ocrx_word' id='word_1_364' title='bbox 532 2268 577 2309; x_wconf 87' lang='lat' dir='ltr'>fiant,</span> <span class='ocrx_word' id='word_1_365' title='bbox 588 2270 614 2302; x_wconf 81' lang='lat' dir='ltr'>vis</span> <span class='ocrx_word' id='word_1_366' title='bbox 625 2269 692 2307; x_wconf 81' lang='lat' dir='ltr'>discere,</span> 
     </span>
     <span class='ocr_line' id='line_1_37' title="bbox 58 2319 693 2365; baseline -0.003 -11"><span class='ocrx_word' id='word_1_367' title='bbox 58 2321 97 2354; x_wconf 86' lang='lat' dir='ltr'>lioet</span> <span class='ocrx_word' id='word_1_368' title='bbox 110 2321 146 2354; x_wconf 87' lang='lat' dir='ltr'>tibi.</span> <span class='ocrx_word' id='word_1_369' title='bbox 170 2319 208 2353; x_wconf 83' lang='lat' dir='ltr'>vide</span> <span class='ocrx_word' id='word_1_370' title='bbox 221 2321 305 2364; x_wconf 80' lang='lat' dir='ltr'>imaginem</span> <span class='ocrx_word' id='word_1_371' title='bbox 321 2319 444 2365; x_wconf 79' lang='lat' dir='ltr'>pulcherrimam</span> <span class='ocrx_word' id='word_1_372' title='bbox 459 2326 475 2353; x_wconf 83' lang='lat' dir='ltr'>ot</span> <span class='ocrx_word' id='word_1_373' title='bbox 488 2319 592 2361; x_wconf 80' lang='lat' dir='ltr'>simillimam,</span> <span class='ocrx_word' id='word_1_374' title='bbox 609 2319 693 2364; x_wconf 76' lang='lat' dir='ltr'>agricolam</span> 
     </span>
     <span class='ocr_line' id='line_1_38' title="bbox 59 2370 692 2413; baseline -0.003 -8"><span class='ocrx_word' id='word_1_375' title='bbox 59 2383 113 2405; x_wconf 86' lang='lat' dir='ltr'>semen</span> <span class='ocrx_word' id='word_1_376' title='bbox 124 2373 209 2406; x_wconf 84' lang='lat' dir='ltr'>iaoientem</span> <span class='ocrx_word' id='word_1_377' title='bbox 218 2372 235 2405; x_wconf 88' lang='lat' dir='ltr'>in</span> <span class='ocrx_word' id='word_1_378' title='bbox 243 2377 307 2412; x_wconf 82' lang='lat' dir='ltr'>terram,</span> <span class='ocrx_word' id='word_1_379' title='bbox 318 2371 378 2406; x_wconf 79' lang='lat' dir='ltr'>alicubi</span> <span class='ocrx_word' id='word_1_380' title='bbox 385 2371 486 2413; x_wconf 83' lang='lat' dir='ltr'>frumentum⁷</span> <span class='ocrx_word' id='word_1_381' title='bbox 498 2371 557 2407; x_wconf 79' lang='lat' dir='ltr'>alicubi</span> <span class='ocrx_word' id='word_1_382' title='bbox 564 2384 602 2407; x_wconf 81' lang='lat' dir='ltr'>vero</span> <span class='ocrx_word' id='word_1_383' title='bbox 609 2370 692 2411; x_wconf 85' lang='lat' dir='ltr'>hordeum,</span> 
     </span>
    </p>
   </div>
   <div class='ocr_carea' id='block_1_6' title="bbox 0 0 810 2531">
    <p class='ocr_par' dir='ltr' id='par_1_17' title="bbox 0 0 810 2531">
     <span class='ocr_line' id='line_1_39' title="bbox 0 0 810 2531; baseline 0 0"><span class='ocrx_word' id='word_1_384' title='bbox 0 0 810 2531; x_wconf 95' lang='lat' dir='ltr'> </span> 
     </span>
    </p>
   </div>
  </div>
 </body>
</html>
