1591 2531
111 118 131 148 32
373 116 426 157 Λόγος
438 119 483 160 ἱερός.
686 131 717 159 cap.
729 120 744 149 3.

110 211 149 247 των
163 212 252 260 σημείοις
266 208 336 248 ἑίπασι·
351 211 384 248 καὶ
398 210 528 262 ὃιηριθμήθη
542 209 567 249 cci
581 208 645 263 ι’ίστρα
657 207 693 250 σὺν
702 218 744 255 τοῖς

106 279 131 330 ιἐν
150 275 217 322 αὐτοῖς
235 279 300 321 θεοῖς’
322 278 355 314 καὶ
373 279 497 328 περιειλίχθη
515 276 538 317 τὸ
556 274 678 331 περικύκλων
696 275 743 327 ιἰίρι,
761 329 764 331 -

110 345 180 392 κυκλίῳ
198 340 311 394 ιλρομήματι
327 340 424 392 πνεύματι
441 344 492 392 θείῳ
510 342 623 395 ὀχούμενον.
645 342 705 391 τἰνῆκε
723 344 764 382 δὲ3

111 412 191 453 ἕκαστος
212 405 262 453 θεὸς
284 405 319 447 dcci
334 412 369 457 τῆς
387 410 438 453 ἰδίας
456 406 556 458 δυνάμεως
574 407 597 447 τὸ
615 411 744 462 προσταχθὲν

110 473 172 523 αὐτῷ’
186 475 220 512 καὶ
233 478 309 524 ἐγένετο
324 476 389 527 θηρία
402 473 514 526 ιειριίποδα
528 476 561 513 καὶ
574 473 646 525 ἑρπετίι
655 478 688 514 καὶ
702 477 744 514 ἔνυ-

110 542 148 592 δρα
161 541 194 579 καὶ
208 537 275 588 πτηνίι
288 544 321 580 καὶ
334 544 390 580 πιῖσα
404 537 469 592 σπορὰ
483 542 579 594 ἔνσπορος
588 542 621 579 καὶ
628 538 702 593 χόρτος
711 543 765 579 zato

110 603 188 651 ι’ίνθους
205 604 281 652 παντὸς
290 604 355 656 altit,
372 603 395 644 τὸ
413 610 491 657 σπέρμα
508 609 543 654 τῆς
559 608 709 657 παλιγγενεσίας
723 611 744 645 ἐν

110 676 188 718 ἑαυτοῖς
202 674 286 723 ἔχοντες
304 670 462 724 ὲσπιρμολιίγουν
476 677 496 711 τε
511 671 546 718 ute
559 676 642 724 γενέσεις
656 675 695 711 τῶν
709 672 744 711 cir-
765 686 767 688 ·

110 737 198 789 θρώπων
214 742 239 783 εὶς
253 740 313 788 ἔργων
327 739 390 776 θείων
404 742 476 788 γνῶσιν
490 741 524 778 καὶ
537 737 613 791 φύσεως
626 742 745 790 ἐνεργοῦσαν
757 749 766 778 o·

110 806 229 857 μαρτυρίαν,
247 805 281 842 καὶ
298 805 379 851 πλῆθος
397 804 510 855 ἀνθρώπων
524 810 551 850 εὶς
563 805 643 844 πιίυτων
661 808 700 843 τῶν
713 804 747 843 ὑπ’

111 867 197 922 οὐρανὸν
211 871 327 909 δεσποτείαν
341 873 374 909 καὶ
388 870 475 920 ἀγαθῶν
484 873 592 921 ἐπίγνωσιν,
607 875 633 916 είς
646 868 669 909 τὸ
684 869 744 916 αὐξά-

110 937 184 975 νεσθαι
198 940 218 974 ἐν
232 934 313 983 αὐξήσει
326 938 360 975 καὶ
368 934 514 984 πληθύνεσθαι
527 941 548 975 ἐν
561 934 646 983 πλήθει,
660 939 693 975 καὶ
706 939 745 974 rcri-
757 948 776 976 12

112 1014 150 1041 σαν
167 1005 187 1039 ἐν
205 1004 263 1052 σαρκὶ
284 998 350 1054 ψυχὴν
367 1000 400 1041 διὰ
417 1001 545 1055 δρομηματος
565 1004 620 1041 θεῶν
637 1004 745 1052 ἐγκυκλίων,
787 1013 788 1019 “

111 1069 258 1118 [τερασπορίιις]
273 1072 299 1112 είς
308 1070 418 1107 κατοπτίαν
428 1068 514 1120 οὐρανοῦ
527 1070 561 1107 καὶ
575 1066 702 1119 δραμήματος
712 1067 745 1105 οὐ·

110 1134 184 1184 ρανίυιν
198 1134 253 1172 θεῶν
266 1135 300 1172 καὶ
314 1135 375 1185 ἔργων
389 1135 452 1173 θείων
466 1136 499 1172 καὶ
513 1132 590 1187 μύσεως
603 1136 704 1185 ἐνεργείας,
719 1133 745 1178 είς
758 1144 777 1172 15

110 1214 131 1237 τε
145 1207 217 1249 σημεῖα
231 1198 324 1248 ἀγαθῶν,
343 1203 369 1244 είς
386 1202 458 1249 γνῶσιν
472 1202 532 1246 θείας
549 1198 657 1249 δυνάμεως,
674 1201 746 1249 μοίρας

155 1340 168 1368 l.
180 1340 282 1380 δνηριιῆιιήθη
293 1340 314 1370 τὰ
325 1337 385 1381 ἄστρα]
393 1340 414 1369 εἰσ
423 1341 460 1370 Patr.
473 1340 568 1382 ὃιηρθριίθη
579 1339 638 1379 reliqui
653 1340 675 1369 ’2,
683 1338 746 1378 αὐτοῖς]

153 1387 195 1431 αὐτῇ
202 1390 230 1420 ΑΒ
239 1391 286 1420 Turn.
299 1386 307 1430 ll
327 1389 432 1432 περιειλίχθη]
443 1391 492 1427 sicB,
503 1390 583 1433 περιεληγη
595 1391 616 1427 Α,
624 1382 745 1432 περιλγξγειεᾶιλ.

154 1441 168 1470 7.
180 1438 225 1481 ἄνθη
236 1442 288 1480 πάσης
298 1440 345 1481 χλόης
357 1442 395 1472 Patr.
408 1439 416 1481 ll
432 1441 457 1481 τὸ]
466 1443 493 1473 καὶ
500 1441 519 1471 τὸ
527 1442 545 1471 Β.
555 1437 563 1480 ΙΙ
577 1441 599 1472 cci
610 1445 695 1483 σπέρματα
706 1441 746 1471 Patr.

154 1492 169 1523 8.
181 1491 250 1531 ἑαυτοῖς]
262 1493 283 1522 sic
294 1493 327 1528 AB,
339 1490 394 1527 αὗτοῖς
405 1494 437 1523 edd.
451 1490 458 1533 ll
481 1495 541 1531 ἔχοντες
552 1492 587 1521 add.
598 1492 641 1522 Ticd.
654 1488 662 1531 Ι]
680 1505 696 1522 τε
708 1492 745 1530 τοὶς]

155 1543 176 1573 sic
187 1543 229 1573 Tied,
241 1541 272 1577 τάς
283 1556 300 1573 τε
314 1543 374 1583 reliqui.
425 1543 439 1574 9.
451 1545 506 1584 γνῶσιν
517 1545 567 1574 θείων
578 1545 596 1573 Α.
647 1542 672 1572 10.
685 1541 712 1580 εἰς]
726 1544 747 1572 sio

154 1595 202 1625 Flnss,
217 1596 244 1624 καὶ
257 1594 316 1635 reliqui.
361 1594 386 1625 14,
398 1596 506 1637 τερασπορίας
520 1594 561 1624 uncis
576 1594 611 1625 incl.
622 1594 665 1624 Tied.
678 1591 686 1634 Ι]
709 1596 747 1635 δρο-

153 1644 228 1686 μὴματος
239 1643 317 1686 οὐρανίων
328 1658 358 1676 om.
370 1646 408 1676 Patr.
454 1636 478 1675 15.Ἰ
488 1639 551 1685 ’φύσεων
563 1645 595 1675 AB.

113 1776 129 1802 et
140 1769 163 1802 dii
174 1770 190 1801 in
201 1773 281 1801 astrorum
293 1768 333 1801 ideis
345 1770 376 1801 visi
391 1781 426 1801 cum
440 1780 494 1801 eorum
509 1769 560 1812 signis
575 1768 655 1808 omnibus;
670 1774 687 1800 et
701 1767 747 1800 dinn-

112 1826 172 1853 merata
183 1825 222 1852 suut
232 1825 275 1851 astra
287 1831 322 1851 eum
334 1819 373 1859 diis,
387 1820 442 1862 quiin
453 1820 493 1863 ipsis
506 1825 555 1850 erant.
570 1825 586 1851 et
597 1818 746 1863 circumprelrensns

114 1878 139 1904 est
150 1871 220 1904 circulus
231 1874 273 1910 aere,
285 1869 359 1903 circulari
371 1882 419 1903 cnrsn
431 1869 485 1902 divino
497 1871 555 1914 spiritu
563 1869 610 1902 latus.
622 1875 638 1902 et
645 1870 747 1913 protulerunt

113 1922 172 1967 singuli
190 1923 213 1956 dii
230 1935 260 1968 per
273 1922 355 1967 propriam
370 1922 458 1967 potentiam
472 1921 515 1966 quod
528 1920 560 1954 sibi
574 1920 604 1954 fuit
619 1921 715 1962 orrlinatunu
730 1929 746 1955 et

112 1979 196 2019 generatae
207 1979 245 2024 suut
256 1973 297 2006 ferae
309 1973 421 2023 quadrupedes
433 1979 449 2005 et
460 1979 543 2018 serpentes
556 1979 571 2005 et
582 1978 655 2005 natantes
667 1980 683 2005 et
694 1973 747 2006 volan-

112 2032 137 2058 tes
149 2031 165 2057 et
176 2023 223 2056 omne
234 2036 289 2056 semen
300 2024 395 2057 foecundum
407 2031 423 2056 et
434 2036 498 2069 gramen
512 2030 528 2055 et
539 2023 584 2055 floris
599 2026 650 2056 omnis
664 2024 713 2057 lrerba
725 2027 747 2059 ri.

112 2089 157 2115 rens,
169 2078 229 2109 semina
241 2076 367 2120 regenerationis
378 2076 395 2108 in
406 2089 424 2109 se
435 2078 476 2122 ipsis
486 2075 570 2107 habentes.
589 2076 689 2109 seminabant
700 2077 746 2109 etiam

112 2130 223 2173 generationes
234 2127 316 2160 hominum
328 2127 348 2159 ad
359 2138 425 2172 operum
437 2128 527 2160 divinornm
539 2127 645 2170 cognitionem
657 2133 673 2160 et
680 2133 747 2160 naturae

112 2182 166 2212 vivum
175 2180 285 2212 testimonium
297 2185 313 2211 et
324 2178 441 2210 multitudinem
454 2178 537 2210 hominnm
548 2178 568 2210 ad
580 2180 649 2212 omnium
664 2191 705 2223 quae
716 2179 746 2211 sub

113 2231 158 2263 coelo
172 2237 210 2264 sunt
224 2230 348 2263 dominationem
362 2236 378 2263 et
392 2230 471 2262 bonorum
484 2231 588 2275 agnitionem,
604 2237 621 2263 ut
632 2236 719 2273 augeantur
729 2232 745 2263 in

112 2288 196 2327 augmento
201 2288 224 2320 ,et
235 2281 360 2328 multiplicentur
371 2283 388 2315 in
398 2280 510 2322 multitudine,
524 2288 540 2315 et
554 2294 616 2315 ornnem
627 2283 643 2314 in
655 2293 702 2314 earne
714 2283 746 2314 ani-

113 2347 153 2367 mam
165 2346 194 2378 per
205 2340 268 2367 cursum
282 2334 348 2367 deorum
362 2334 462 2367 circularium
473 2336 489 2367 in
501 2334 617 2379 inspectionem
633 2332 673 2366 coeli
686 2340 701 2366 ct
713 2346 747 2366 cur·
