1591 2531
338 107 393 149 Λόγος
404 104 501 150 ἅπόνρνφος.

65 310 90 350 13
253 304 340 358 Ἑρμοῦ
357 304 400 343 τοῦ
417 304 593 356 τρισμεγίστου

105 368 164 424 πρός
181 368 224 410 τόν
241 368 297 411 υἱόν
317 367 365 409 Tela
386 373 410 408 ὲν
429 366 481 421 όρει
501 366 573 419 λόγος
595 362 742 422 ἀπόκρυφος

131 438 186 489 περὶ
199 436 399 500 QZQ
413 436 454 474 καὶ
472 436 543 484 σιγῆς
560 436 715 485 ἐπαγγελίας.
752 435 761 465 3

149 540 204 579 Τάτ.
232 541 263 578 Ἐν
275 545 318 584 τοῖς
331 544 420 589 γενικοῖς,
433 533 449 577 ὦ
461 536 533 590 πάτερ,
547 539 695 588 αἰνιγματωδῶς
708 540 742 577 ναὶ

106 606 130 647 οὐ
147 596 254 656 τηλαυγῶς
267 608 357 658 ’ἔφρασας
374 606 419 657 περὶ
435 602 534 652 θεότητος
552 602 695 655 διαλεγόμενος,
709 605 742 642 καὶ

106 672 141 712 οὐκ
150 670 286 726 ἀπεκάλυψας,
301 670 391 725 φάμενος
397 660 475 721 Ιμηδένα
485 660 588 710 δύνασθαι
600 672 695 718 σωθῆναι
703 666 742 722 πρό
753 676 762 706 t

105 741 141 787 τῆς
153 740 313 788 παλιγγενεσίας·
327 739 375 788 ἐμοῦ
388 739 409 775 τέ
424 749 462 775 σου
472 738 535 776 ἱκέτου
544 740 651 787 γενομένου
663 737 695 775 ἐπὶ
707 737 743 783 τῆς

105 819 141 843 του
155 800 213 855 όρους
226 801 376 853 μεταβασεωςγ
376 799 419 841 ovet
431 801 454 841 τό
469 803 512 841 oea
504 805 548 853 ἐμοι
542 803 695 853 διαλεχθῆναι,
708 815 742 840 και

104 871 234 920 ποθουμένου
251 867 288 908 τόν
305 884 341 916 της
358 870 508 945 πγργγετνοχσιας
525 866 586 919 λόγον
603 870 690 919 μαθεῖν,
711 865 762 906 dne

106 936 178 974 τοῦτον
194 932 251 987 παρὰ
268 933 335 974 πάντα
352 932 416 985 μόνον
433 933 508 984 αγνοῶ,
525 936 583 988 ἔφης,
605 932 654 973 ὅταν
670 935 741 984 μέλλῃς

106 999 182 1050 κόσμου
196 1000 393 1053 απαλλοτριοῦσθαι,
406 997 540 1052 παραδιδόναι
552 1014 593 1050 μοι,
621 997 651 1038 διό
665 1002 743 1050 ἕτοιμος
774 997 776 999 ’

107 1064 204 1116 ἐγενόμην
217 1067 251 1104 καὶ
265 1065 418 1116 ἀπηλλοτρίωσα
432 1063 454 1104 τό
464 1069 486 1104 ἐν
498 1067 543 1116 ἐμοὶ
552 1064 647 1119 φρόνημα
657 1063 698 1103 όινιό
707 1067 743 1112 τῆς
751 1072 773 1102 v12

105 1132 143 1170 τοῦ
155 1130 231 1182 κόσμον
245 1130 332 1178 ἀπάτης·
347 1128 372 1170 οδ
385 1132 406 1170 δέ
419 1132 500 1181 μοικαὶ
513 1128 539 1169 τό
552 1129 679 1182 ὑστερήματα
692 1129 743 1169 ἀνα-

107 1195 218 1249 πλήρωσον,
232 1193 263 1243 οἷς
277 1199 326 1251 ἔφυς
339 1211 374 1247 μοι
387 1198 539 1246 παλιγγενεσίαν
551 1198 682 1247 παραδοῦναι,
695 1211 743 1248 προ·
769 1232 772 1235 .

150 1345 166 1376 l.
176 1346 206 1377 τοῦ
217 1356 248 1376 om.
259 1345 277 1375 B.
316 1344 330 1376 5,
342 1344 440 1375 uul0m1A.
476 1343 492 1375 8.
503 1345 571 1376 nalem.
583 1342 598 1375 A
610 1344 650 1375 Patr,
689 1344 704 1376 9.
715 1357 743 1377 πο·

150 1394 240 1438 θουμένου]
252 1395 273 1426 sie
283 1396 329 1434 Patr„
339 1396 434 1437 πυθομένου
444 1394 504 1436 reliqui.
556 1396 581 1426 1⁰.
592 1391 645 1438 παρὰ]
656 1396 692 1437 περὶ
703 1396 722 1426 Α.
734 1393 743 1436 ΙΙ

151 1447 196 1489 ἔφης]
211 1447 263 1484 siclt,
277 1449 305 1479 καὶ
318 1450 355 1488 ἔφης
368 1446 428 1487 reliqui.
494 1446 518 1478 ll.
533 1446 568 1487 διό]
580 1446 601 1477 sie
611 1447 630 1485 B,
641 1458 672 1478 om.
683 1447 743 1488 reliqui.

151 1499 176 1530 12.
187 1496 288 1540 οἶτιενδρίωσα
299 1501 318 1537 Α,
329 1495 434 1539 ἅτιηνδρλυσα
444 1498 463 1529 Β.
475 1493 484 1538 Η
506 1497 528 1537 ἐν]
540 1499 574 1531 ἐνόν
585 1499 604 1530 Α,
648 1498 675 1529 14.
686 1499 744 1538 παλιγ-

150 1551 222 1591 γενεσίας
234 1550 253 1579 Α.

309 1727 407 1766 Hermetis
420 1728 544 1780 Trismegisti

124 1794 149 1834 ad
161 1794 222 1833 filium
235 1793 275 1832 Tae
288 1794 308 1832 in
321 1799 386 1833 moute
399 1807 461 1834 sermo
474 1794 585 1834 reconditus
599 1794 623 1833 de
635 1807 736 1846 regenera-

274 1859 326 1899 tione
340 1864 360 1899 et
373 1859 443 1899 silentii
456 1861 580 1913 professione.

143 1964 185 1997 Tat.
207 1964 226 1997 In
237 1963 355 2005 communibus,
370 1977 379 1998 ο
393 1970 447 2010 pater,
461 1966 565 2010 aenigmatice
579 1971 595 1997 et
609 1977 642 1998 nen
655 1964 746 1997 luculenter

112 2016 205 2050 disseruisti
216 2014 236 2048 de
247 2015 314 2055 deitate,
327 2028 358 2048 nee
369 2015 453 2057 revelasti,
467 2016 523 2049 dicens
534 2017 613 2050 neminem
624 2017 686 2050 serrari
696 2028 746 2062 posse

112 2073 149 2101 ante
160 2067 302 2111 regenerationem,
313 2078 381 2110 cumque
388 2067 458 2111 supplex
468 2068 498 2101 tihi
510 2080 562 2101 essem
572 2069 589 2100 in
600 2069 660 2101 montis
670 2068 745 2106 transitu,

115 2124 202 2165 postquam
213 2129 275 2151 meeum
287 2130 304 2151 es
315 2116 384 2158 locutus,
395 2122 412 2149 et
419 2129 494 2163 euperem
501 2131 590 2153 sennonem
598 2119 618 2152 de
625 2120 746 2164 regeneratione

114 2171 182 2210 discere,
194 2170 269 2215 queniam
280 2174 343 2214 praeter
354 2180 409 2202 omnes
420 2168 462 2203 hune
473 2169 526 2204 solum
536 2172 598 2216 ignoro,
610 2170 671 2211 dixisti,
682 2170 746 2216 quando

114 2235 123 2254 a
133 2221 193 2254 mundo
205 2221 266 2254 alienus
277 2221 332 2261 fueris,
343 2220 383 2253 mihi
394 2220 461 2255 tradere.
484 2234 533 2266 quare
540 2223 634 2267 praeparavi
641 2234 666 2255 me
677 2227 694 2254 et
703 2233 746 2254 rnen-

114 2278 147 2304 tem
156 2285 208 2311 meam
219 2272 286 2306 alienam
296 2272 327 2306 leci
338 2286 346 2305 a
356 2271 413 2305 mundi
423 2272 527 2319 deeeptiene3
537 2279 556 2306 tu
566 2285 605 2308 vero
616 2273 656 2307 mihi
665 2273 713 2305 etiam
720 2272 747 2306 de·

116 2323 167 2356 fectus
180 2324 238 2369 supple
248 2326 276 2365 iis,
291 2324 348 2370 quihus
363 2324 418 2357 dixisti
432 2326 569 2370 regenerationem
582 2324 621 2357 miti
634 2322 705 2365 tradere,
719 2323 747 2358 rel
