1591 2531
102 146 133 171 XVI
334 133 406 164 Praefatio
417 134 494 164 Flussatis.

101 234 177 281 ceptum
191 233 227 279 est,
241 242 264 267 ac
277 227 358 279 proinde
370 227 391 264 in
399 227 503 280 Aegiptios
517 227 617 278 imperinm
627 226 731 267 obtinuisse

100 300 186 335 constat:
205 301 224 334 et
238 294 289 346 apud
303 307 335 332 eos
348 294 447 333 literarum
461 308 495 333 seu
508 294 614 345 scripturae
627 294 732 345 primordia

101 364 222 415 comperisse.
243 362 364 410 antiquarum
378 366 442 400 autem
455 374 519 399 rerum
532 366 655 410 scrutatores,
668 362 732 413 plures

101 431 191 481 inquiunt
203 428 261 466 fuisse
274 427 394 477 Mercurios,
408 441 444 466 nec
457 428 499 477 quis
512 427 581 464 horum
595 427 732 480 Triamegistus

102 497 159 535 fuerit
176 495 222 534 satis
240 499 322 533 constat.
353 495 405 533 hunc
421 500 486 533 tamen
504 508 515 531 a
533 491 593 531 Coelo
611 498 630 531 et
648 493 732 534 Saturno

101 563 224 613 progenitum
237 561 316 612 propria
328 567 423 600 testantur
436 562 518 611 scripta,
532 573 555 597 ac
568 559 666 610 Aegiptiis
682 557 733 599 &du

100 633 244 679 nuncupatum,
261 627 313 677 qnod
325 641 395 665 nomen
407 627 447 665 fflio
460 626 499 664 Tat
513 638 604 677 graecum
617 630 673 676 pater
686 626 733 665 scri-

100 695 158 744 bens,
172 695 271 733 invariatis
283 693 391 745 praecipuis
408 693 470 731 literis
486 693 607 731 transtulisse
622 697 686 743 patet,
704 693 734 732 sui

101 761 183 800 nominis
192 761 328 799 monimentum
341 760 424 810 posteris
437 759 542 807 inculcans,
555 772 621 797 veram
631 758 734 798 dictionem

101 839 190 878 graecam
209 825 288 877 Ἑρμῆν,
306 839 354 875 quae
372 825 492 864 Mercurium
509 825 586 864 Latinis
603 831 668 874 sonat,
688 826 734 865 data

100 905 159 942 opera
172 893 300 943 praeteriens,
317 906 342 930 ne
359 892 383 930 ab
398 906 420 930 eo
433 891 545 930 inchoatum
562 904 631 930 nomen
645 892 734 930 afutura

100 959 193 1010 progenie
207 958 307 998 deleretur.
329 958 381 1009 quod
393 972 432 997 non
445 972 514 1009 parum
527 957 601 996 indicat
614 957 733 997 Mercurium
753 979 756 987 .

101 1025 131 1063 sui
151 1025 212 1076 ipsius
230 1038 320 1077 graecum
340 1025 399 1064 fuisse
415 1025 545 1076 interpretem.
580 1024 629 1063 alius
651 1038 734 1075 namque

102 1090 190 1130 Graecus
207 1092 301 1130 Mercurii
317 1106 382 1131 veram
400 1091 574 1129 denominationem
588 1090 659 1141 Ἑρμῆν
677 1105 734 1143 aegre

101 1157 176 1196 silentio
193 1158 362 1208 praetermisisset,
380 1162 402 1195 nt
419 1157 459 1194 filio
472 1157 512 1194 Tat
527 1156 588 1207 patris
606 1156 734 1208 aegiptiaoam
787 1155 789 1158 ⁴

100 1236 169 1261 vocem
185 1221 236 1262 &dd
252 1224 357 1273 conferret,
375 1237 424 1273 qnae
442 1222 519 1272 quidem
536 1222 561 1260 ab
578 1223 621 1272 ipso
635 1222 734 1262 Mercurio

102 1302 178 1328 sumens
196 1290 289 1341 originem
302 1291 323 1328 in
335 1290 410 1328 futuras
426 1288 528 1340 progenies
541 1287 659 1339 graderetur.
687 1303 734 1340 qno-

103 1356 155 1393 circa
167 1369 207 1394 non
219 1361 292 1394 temere
305 1356 325 1393 in
338 1360 392 1393 tanta
406 1354 530 1393 scribentium
542 1355 673 1393 controversia
680 1355 735 1394 Mer-

101 1422 165 1459 curius
178 1422 210 1460 hic
224 1421 361 1473 Trismegistus
375 1420 456 1459 aliorum
469 1419 610 1458 Mercuriorum
622 1422 735 1473 progenitor

102 1492 136 1525 aut
149 1487 218 1526 saltem
231 1487 326 1526 secundus
339 1488 399 1526 fuisse
411 1486 515 1534 videretur,
529 1498 573 1523 cum
586 1486 603 1524 is
616 1486 658 1536 ipse
671 1501 710 1526 non
723 1502 735 1526 a

102 1553 212 1603 Mercurio,
230 1554 264 1592 sed
278 1568 290 1592 a
304 1553 363 1592 Ocelo
378 1558 397 1592 et
411 1552 495 1592 Saturno
509 1565 529 1590 se
543 1552 629 1603 genitum
645 1553 734 1592 fateatur.

102 1633 147 1657 nam
160 1619 198 1658 hac
210 1620 253 1672 lege
267 1621 327 1659 satius
340 1620 369 1658 illi
382 1623 516 1671 congruerent,
530 1632 579 1668 qnae
593 1618 617 1657 de
625 1623 680 1658 tanto
691 1634 736 1659 con-

101 1691 226 1725 numerantur
238 1686 322 1726 homine.
344 1687 443 1725 literarum
453 1685 504 1724 enim
513 1689 580 1723 auctor
594 1698 687 1725 essenon
701 1701 736 1738 po-

41 1775 45 1779 ·
102 1756 163 1800 terat,
177 1753 223 1802 quin
236 1753 299 1792 Masis
312 1759 400 1802 tempora
412 1751 555 1803 praecederet:
569 1752 640 1790 Mosen
653 1767 736 1804 namque

103 1832 115 1856 a
128 1818 228 1857 cunabulis
245 1818 297 1857 omni
310 1818 446 1869 Aegiptiornm
463 1816 552 1863 doctrina
569 1817 664 1867 scriptura
681 1832 737 1858 sacra

101 1889 184 1923 testatur
196 1885 298 1934 imbutum,
312 1884 365 1935 quod
378 1883 450 1933 absque
458 1883 519 1921 literis
531 1883 590 1921 fnisse
604 1882 681 1923 difficile
695 1899 736 1924 cre-

102 1951 165 2000 ditur,
178 1965 213 1990 nec
228 1952 306 2003 insuper
319 1950 455 2003 Aegiptiorum
468 1950 570 2001 imperium
587 1952 678 2002 consequi
690 1958 736 2003 post

101 2016 220 2067 Pharaones,
234 2032 257 2056 ac
271 2019 308 2056 alia
320 2019 411 2068 pleraque
424 2017 511 2066 nomina,
525 2016 595 2066 quibus
609 2017 642 2066 qui
655 2018 679 2056 dc
692 2019 735 2069 ipso

101 2089 181 2122 narrant
195 2084 232 2123 sibi
246 2084 402 2136 congrediuntur.
429 2088 530 2134 praeterea
543 2096 587 2121 cum
600 2087 644 2121 ante
658 2089 678 2123 et
690 2090 735 2137 post

102 2149 172 2188 Mosen
186 2151 219 2189 alii
232 2151 330 2203 Aegiptiis
342 2152 459 2201 imperantes
472 2149 558 2188 historiis
572 2151 677 2190 enumerati
690 2151 736 2200 sint,

104 2216 251 2270 Trismegistum
265 2223 322 2256 antea
338 2231 419 2269 regnum
436 2217 521 2255 tenuisse
533 2218 662 2256 necessarium
676 2231 735 2268 appa-

102 2287 159 2322 reret.
190 2298 228 2323 non
249 2285 300 2324 enim
322 2284 368 2323 alias
388 2288 438 2323 esset
454 2283 563 2322 Mercurius
583 2283 662 2323 Saturni
678 2283 734 2332 filius,

103 2350 179 2400 qualem
193 2364 214 2389 sc
224 2353 248 2392 10
258 2366 300 2403 cap.
309 2351 420 2403 profitetur:
427 2365 479 2389 fnam
492 2350 557 2389 floruit
566 2349 661 2389 Saturnus
671 2350 735 2402 Sarug
