1591 2531
264 139 337 171 Praelutic
348 140 424 172 Flussan's.
637 148 661 173 xv

29 233 119 273 Ficinum
127 238 199 271 temere
208 245 298 284 graecam
307 235 414 275 versionem
423 234 485 274 eidem
494 233 593 273 Mercurio
603 237 661 275 ascri-

28 301 95 354 psisse.
119 300 210 349 quocirca
222 314 261 339 non
274 301 369 340 immerito
382 301 542 355 praesagiendum
555 302 598 352 init,
611 304 661 353 peri-

28 374 70 406 tum
84 366 180 418 quendam
193 381 282 419 graecam
296 367 399 407 editionem
413 369 539 409 constituisse.
567 368 620 419 quod
632 382 662 407 se-

29 433 164 485 cusApuleio
180 435 200 473 in
213 435 333 474 traducendo
350 435 446 473 volumine
464 436 488 474 de
506 436 606 475 voluntate
622 435 662 474 Dei

29 500 139 540 abeodem
152 500 251 541 Mercurio
269 502 356 553 contigit.
387 503 404 540 is
422 515 504 552 namque
521 503 586 553 aliqua
602 503 661 555 vulgo

28 567 122 619 prodidit,
137 582 190 619 vquae
203 568 322 608 Mercrnium
336 574 424 608 nostrum
437 568 557 608 idololatriae
570 571 660 622 contagio

28 635 125 685 (quamvis
139 649 150 673 a
163 649 184 674 se
197 636 339 691 remotissimo)
357 636 417 688 impie
435 635 549 683 affecerimt,
568 636 661 686 abrogato

28 701 132 752 exemplari
145 714 226 752 graeco,
242 714 266 739 ne
280 704 315 750 <ut
327 705 419 753 putatur)
433 707 500 753 pateat
513 702 564 740 illius
577 702 598 739 in
610 700 662 740 hunc

27 772 126 819 patratum
143 768 210 806 scelus.
242 768 300 806 horno
317 782 400 818 namque
418 766 501 813 ἄπιστος
517 782 541 807 ac
558 769 663 807 innumeris

28 834 131 873 sceleribus
149 833 223 872 obsitus
240 834 311 885 legitur
324 834 425 884 Apuleius.
453 847 511 883 quare
524 848 563 873 uon
577 836 614 874 erit
626 836 662 873 mi-

28 915 77 950 rum,
91 905 100 939 t
112 901 141 938 nti
149 900 186 939 viri
194 914 265 939 nornen
277 900 334 938 huius
343 897 454 951 κακούργου
468 905 538 938 conatu
546 901 661 952 impugnari.

29 967 75 1018 quin
87 966 168 1018 proinde
180 967 253 1005 iustum
266 980 372 1016 censemus,
385 965 483 1004 foedatum
488 966 577 1004 'libellum
590 969 662 1014 (exem-

28 1033 88 1085 plaris
110 1033 176 1085 graeci
196 1033 348 1085 redemptionem
368 1032 520 1084 praestolantes)
545 1032 595 1070 inter
614 1032 663 1071 haec

29 1100 102 1138 omitti:
119 1104 142 1137 ut
160 1113 209 1149 quae
226 1101 275 1138 citra
287 1100 351 1138 labem
369 1099 393 1138 ab
407 1099 445 1137 hcc
458 1098 530 1137 Divino
547 1098 663 1150 philosopho

30 1167 155 1216 suscepimus,
168 1165 205 1203 tibi
213 1165 268 1216 vigili
281 1163 380 1216 θεοφόβῳ
394 1178 417 1202 ac
425 1165 458 1215 pio
471 1165 546 1213 lectori,
560 1170 663 1218 augustum

29 1231 107 1281 quidem
120 1244 178 1281 opus,
196 1231 242 1269 licet
258 1244 297 1268 non
313 1243 348 1281 pro
366 1231 396 1268 sui
414 1230 509 1281 dignitate
522 1231 594 1268 cultum
609 1231 662 1269 exhi-

28 1298 115 1346 beamus,
128 1297 221 1348 temporis
235 1295 312 1346 quidem
320 1296 377 1346 lapsu
384 1295 432 1334 vitio
442 1296 565 1345 maculatum,
579 1296 614 1334 sed
627 1311 663 1347 pro

30 1367 101 1401 conatu
113 1362 224 1400 restitutum
238 1374 261 1399 ac
275 1361 400 1399 elucidatum:
414 1366 436 1399 ut
449 1361 494 1409 Dei,
509 1361 544 1410 tui,
558 1362 663 1412 mundique

28 1428 121 1466 noscendi
138 1428 215 1478 copiam
229 1428 293 1466 fauste
309 1426 422 1477 perhibens,
442 1427 509 1464 infima
525 1427 662 1479 intelligentiae

29 1494 112 1532 Divinae
129 1506 192 1531 nocua
205 1498 302 1542 coerceat,
320 1497 340 1530 et
353 1506 443 1543 suprema
460 1493 501 1531 sola
517 1497 581 1531 mente
599 1494 663 1532 conci-

28 1560 106 1612 pienda,
119 1564 164 1598 tuae
178 1559 305 1609 speculationi
318 1559 421 1597 coniuncta
433 1560 527 1610 perpetuo
540 1559 612 1610 foreat.
639 1559 664 1598 de

29 1626 123 1664 Mercurii
140 1640 186 1664 vero
204 1631 234 1664 ter
250 1625 330 1663 maximi
347 1625 456 1663 conditione
470 1630 490 1663 et
503 1631 590 1675 tempore
606 1626 663 1676 plura

29 1697 137 1741 narrantur,
151 1706 174 1730 ac
187 1692 237 1730 inter
251 1691 340 1741 antiquos
352 1691 378 1735 *de
391 1690 428 1729 hcc
442 1691 574 1741 antiquissimo
583 1692 663 1740 loquen-

29 1763 59 1796 tes
72 1772 111 1796 non
124 1758 173 1796 citra
190 1757 346 1796 controversiam.
373 1758 502 1796 recentiorum
517 1770 563 1795 vero
580 1757 663 1795 Ioannes

29 1824 124 1862 Functius
145 1823 270 1874 chronologia
286 1835 322 1860 sua
338 1821 458 1861 Mercurium
475 1826 559 1861 testatur
575 1822 663 1861 floruisse

30 1889 84 1927 annis
93 1890 117 1929 21
129 1894 174 1927 ante
186 1889 249 1940 legem
257 1887 311 1926 Mosi
325 1887 390 1925 datam
403 1888 424 1925 in
437 1887 520 1936 deserto,
534 1901 583 1925 anno
598 1888 661 1926 exitus

28 1954 106 1993 Israelis
124 1954 147 1992 ab
165 1955 257 2005 Aegipto.
289 1953 341 2003 quod
358 1955 416 1992 etiam
437 1953 541 1991 difficulter
558 1953 662 1992 constabit.

29 2034 74 2058 nam
88 2019 140 2071 apud
153 2020 242 2069 antiquos
254 2021 354 2070 receptum
368 2025 408 2068 est,
421 2019 542 2058 Mercurium
554 2019 607 2058 hunc
619 2019 662 2057 ideo

30 2086 175 2124 Termaxirnum
184 2086 298 2137 nuncupari,
307 2085 359 2136 quod
368 2086 422 2124 iuxta
431 2086 518 2125 vetustos
526 2085 663 2137 Aegiptiorum

29 2165 92 2190 mores
105 2166 117 2189 a
127 2153 211 2191 maximo
222 2152 340 2204 'philosopho
354 2152 374 2189 in
387 2152 516 2190 sacerdotium
529 2156 637 2199 vocaretur,
652 2165 664 2189 a

29 2217 242 2267 maximophilosopho
255 2219 275 2255 in
289 2217 418 2257 sacerdotium
432 2223 539 2264 vocaretur,
553 2230 565 2253 a
577 2217 662 2255 maximo

29 2285 75 2322 vero
89 2283 189 2323 sacerdote
201 2283 222 2320 in
235 2297 301 2334 regem
319 2285 393 2330 accitus
411 2289 466 2322 esset.
494 2283 545 2320 unde
558 2287 589 2321 ter
601 2284 663 2322 maxi-

29 2363 82 2388 mum
95 2350 149 2389 illum
162 2349 207 2399 dici,
221 2349 362 2401 philosophum,
376 2349 502 2398 sacerdotem,
516 2362 539 2388 ac
553 2364 619 2402 regem
631 2364 662 2388 re-
